1875 2656
894 134 911 159 7

65 235 95 266 in
117 234 193 264 libro
217 229 362 263 secundo
386 229 426 260 de
450 227 600 269 memoria
621 227 704 259 vitae
727 236 805 259 suae
837 230 1022 267 complexus
1058 229 1127 266 est].
1162 247 1190 249 —
1231 234 1275 260 11.
1299 228 1464 260 Cassius
1489 228 1662 260 I‘Iemina:
1698 227 1748 264 [A.

65 276 84 310 Ι,
108 278 167 305 3-78
189 272 237 303 alii
259 275 371 306 autem,
395 274 427 301 ut
449 268 585 300 Cassius
608 268 747 304 Hemina,
781 269 894 300 dicunt.
922 287 952 290 —
977 271 1016 302 A.
1039 271 1057 306 I,
1091 275 1145 301 421
1184 270 1318 302 Cassius
1353 270 1483 301 Hemina
1517 270 1622 301 docet.
1652 287 1681 289 —
1708 269 1747 299 A.

65 315 127 350 VII,
150 318 205 345 651
233 312 368 344 Cassius
392 310 523 342 Hemina
555 310 685 341 tradidit.
721 327 751 330 -
782 309 821 340 A.
844 310 904 346 XII,
927 316 985 343 603
1009 311 1142 343 Cassius
1170 311 1300 343 Hemina
1329 311 1390 348 aitl.
1427 329 1455 331 —
1498 316 1542 341 12.
1567 310 1746 341 Clodius:

66 356 116 393 [A.
139 355 158 391 Ι,
182 359 221 386 52
243 353 376 385 Clodius
399 351 701 383 commentariorum.
729 368 760 371 —
786 350 805 386 Ι,
833 356 888 382 176
911 350 1041 384 Clodius
1063 354 1166 384 scriba
1183 353 1338 387 (“scribit“
1357 351 1561 390 legendumPI
1584 360 1747 383 commen·

64 397 207 428 tariorum
229 395 279 427 IV.
308 412 338 415 —
364 393 403 425 A.
426 393 457 428 II,
481 397 540 424 229
573 391 705 423 Clodius
738 392 841 423 scriba
874 393 1067 429 (“scribit'‘?)
1097 394 1409 430 commentarioruml.
1452 412 1481 413 j
1525 398 1569 424 13.
1602 393 1745 424 Fabius

66 438 212 469 Pictor:
237 436 286 473 [A.
309 435 381 470 VIII,
405 438 465 466 630
488 433 603 465 Fabius
627 457 634 464 .
658 458 665 464 .
689 457 695 464 .
719 433 802 464 dixit.
830 450 860 453 —<
886 433 924 464 G.
947 434 965 469 l,
989 439 1023 465 21
1051 434 1165 466 Fabius
1189 435 1291 466 Pictor
1313 435 1372 466 hos
1396 436 1477 466 deos
1502 434 1681 470 enumeratj.
1712 452 1741 454 —-

69 485 114 511 14.
139 478 284 510 Fabius
314 476 516 507 Maximus:
549 475 597 513 [A.
621 474 639 511 I,
674 479 692 506 3
720 473 835 505 Fabius
868 473 1024 507 Maximus
1055 477 1205 507 annalium
1241 476 1360 514 primo].
1403 494 1432 496 —
1478 481 1521 507 15.
1562 475 1744 507 Hostius:

67 521 116 558 [A.
139 519 199 555 XII,
227 523 278 550 121
305 517 434 549 I‘lostius
457 517 528 548 belli
551 516 674 548 Histrici
697 515 817 554 primol.
846 533 876 536 —
906 515 1105 555 Scriptorum,
1135 527 1217 555 quos
1251 518 1448 555 interpolator
1480 518 1570 548 solus
1609 517 1744 552 exhibet,

66 568 214 593 numerus
236 559 342 598 augeri
366 562 484 598 potest;
507 566 611 596 neque
636 558 717 589 enim
739 560 834 588 totam
856 566 918 595 qua
939 557 1068 589 Servius
1091 564 1235 590 auctores
1270 560 1371 590 laudat
1405 559 1553 590 rationem
1586 559 1626 589 ab
1660 559 1744 589 omni

66 608 151 642 parte
185 601 385 633 considerare
418 608 522 638 neque
556 599 659 631 omnia
692 607 852 637 exponere
881 599 951 630 mihi
982 600 1010 631 in
1042 600 1144 631 animo
1168 601 1226 636 t'uit,
1262 610 1332 632 cum
1365 602 1491 639 longum
1526 601 1565 631 sit
1599 605 1629 631 et
1662 609 1744 638 quae

66 644 175 682 protuli
199 652 237 674 ea
258 647 290 674 ut
311 642 538 680 interpolatoris
560 641 758 678 apertissima
780 649 952 678 premerem
974 642 1107 679 vestigia
1130 643 1273 672 sufficere
1307 643 1478 673 videantur.
1522 641 1587 672 Sed
1620 642 1669 672 cui
1693 643 1745 672 vel

66 685 180 722 quibus
204 683 429 721 interpolatoris
454 682 598 719 exempla
625 681 804 716 debeantur,
837 681 920 712 dubii
947 686 1039 719 atque
1066 683 1169 713 incerti
1202 691 1321 717 sumus,
1359 684 1407 713 illo
1445 691 1573 719 quoque
1606 683 1744 719 plurimis

64 726 145 756 locis
167 724 279 756 auxilio
302 723 448 758 destituti,
471 731 535 759 quo
558 722 588 752 in
610 722 838 760 dignoscendis
862 723 973 754 ceteris
997 723 1036 753 uti
1061 732 1242 761 possumus,
1266 728 1296 754 ut
1312 724 1500 761 comparatis
1523 723 1592 754 aliis
1608 723 1745 760 reliquiis

66 767 275 797 coniecturam
298 764 458 795 faciamus.

214 805 256 836 At
277 805 386 836 missis
409 804 457 835 his
480 804 719 841 quaestionibus
741 804 772 835 id
796 804 936 842 proiecto
960 805 1120 836 effecimus
1149 805 1360 842 compluribus
1390 805 1469 835 locis
1504 805 1578 835 intra
1611 805 1745 835 uncinos

69 847 182 886 positis
206 846 375 884 permultos
399 845 580 884 praesertim
602 845 782 883 antiquioris
815 846 924 877 aetatis
950 850 1095 877 auctores
1123 847 1245 881 laudari,
1275 855 1357 884 quos
1388 847 1416 877 in
1440 845 1554 877 Servio
1583 846 1745 877 decurtato

66 889 149 919 nullo
173 888 269 919 modo
292 887 421 918 inveniri
444 890 577 918 constat.
779 886 782 890 '

215 928 246 959 II.
268 928 407 959 Alterum
431 928 654 965 deprendimus
676 937 778 965 genus
801 928 985 966 scriptorum
1008 929 1037 959 in
1059 929 1188 959 scholiis
1213 928 1405 965 Vergilianis,
1440 937 1521 965 quae
1555 928 1657 959 Servii
1690 937 1746 958 no-

67 971 149 1001 mine
172 970 313 1004 feruntur,
336 969 388 1006 qui
410 977 429 999 a
451 967 564 999 Servio
586 969 687 999 semel
708 970 760 1000 vel
781 969 829 1000 bis
853 969 951 999 obiter
972 973 1085 1000 tantum
1109 970 1189 1000 nullo
1213 969 1349 1006 ipsorum
1372 970 1445 999 loco
1468 970 1519 999 vel
1541 969 1626 999 titulo
1661 969 1747 999 exhi-

68 1011 142 1046 bito,
165 1010 205 1041 ab
228 1010 446 1047 interpolatore
468 1013 571 1040 autem
594 1009 699 1047 operis
721 1010 806 1041 titulo
828 1010 975 1047 adposito
998 1010 1128 1048 saepius
1151 1014 1342 1047 usurpantur.

219 1056 244 1082 1.
267 1050 402 1082 Livius
424 1050 682 1082 Andronicus.

216 1092 246 1122 A
268 1091 381 1123 Servio
404 1092 508 1122 semel
529 1092 667 1122 laudatur
688 1091 727 1122 A.
750 1091 786 1127 X,
810 1096 878 1122 636.
922 1091 1032 1122 Monet
1053 1092 1113 1122 hoc
1135 1093 1208 1122 loco
1231 1091 1361 1122 Servius
1385 1091 1609 1122 nominativum
1639 1092 1746 1128 singu-

66 1134 160 1164 larem
188 1132 284 1163 “haec
308 1132 440 1167 nubes“,
464 1140 527 1162 non
551 1132 667 1163 “nubs“
693 1132 762 1167 dici,
789 1132 892 1169 “quod
914 1132 953 1162 ait
968 1132 1076 1163 Livius
1093 1132 1302 1166 Andronicus,
1326 1132 1377 1169 qui
1401 1132 1517 1169 primus
1542 1132 1637 1163 edidit
1660 1133 1747 1162 iabu-

66 1174 126 1204 lam
149 1173 288 1204 Latinam
310 1173 395 1211 apud
416 1173 507 1204 nos“.
552 1172 631 1204 Eum
652 1173 756 1204 locum
777 1173 976 1211 grammatico
999 1173 1122 1204 cuidam
1145 1173 1252 1204 deberi
1275 1173 1346 1210 quis
1371 1177 1420 1203 est
1442 1173 1494 1210 qui
1517 1172 1637 1211 neget?
1679 1173 1746 1204 Sed

66 1215 153 1252 quod
176 1214 255 1245 Livii
276 1213 447 1245 Andronici
469 1214 639 1245 memoriae
661 1214 791 1245 addidit:
828 1214 897 1251 „qui
920 1214 1035 1251 primus
1059 1215 1148 1249 etcf,
1172 1218 1269 1244 utrum
1293 1214 1352 1251 ipsi
1376 1213 1489 1244 Servio
1512 1218 1658 1251 tanquam
1683 1220 1747 1244 stu-

68 1256 109 1287 dii
131 1259 224 1293 atque
247 1255 390 1286 lectionis
413 1255 558 1292 antiquae
581 1255 812 1291 documentum,
834 1264 872 1286 ari
896 1255 997 1286 eidem
1020 1255 1231 1293 grammatico,
1248 1255 1297 1285 cui
1314 1263 1395 1292 quae
1413 1255 1605 1292 praecedunt
1627 1255 1747 1286 deben-

66 1300 121 1331 tur,
144 1296 323 1332 tribuamus,
361 1296 541 1334 disceptare
575 1305 637 1327 non
669 1297 831 1328 audemus.
875 1296 971 1327 Etiam
1005 1296 1203 1334 interpolator
1226 1296 1347 1327 Livium
1370 1296 1585 1327 Andronicum
1620 1297 1746 1327 duobus

66 1338 146 1368 locis
170 1341 284 1368 testem
306 1336 449 1368 adhibet:
473 1337 522 1373 [A.
538 1337 557 1373 I,
581 1342 599 1369 9
615 1337 723 1368 Livius
747 1337 776 1368 in
799 1336 940 1375 Odyssia
958 1337 1063 1375 “igitur
1079 1338 1204 1368 demum
1221 1337 1301 1368 Ulixi
1324 1346 1379 1368 cor
1402 1337 1478 1367 frixit
1502 1346 1574 1374 prae
1597 1344 1746 1375 pavore·;

67 1378 117 1413 IV,
141 1382 179 1409 37
205 1377 331 1409 “Livius
353 1378 555 1409 Andronicus
578 1377 710 1415 refert¹‘].
746 1378 831 1409 Haec
855 1386 894 1408 ex
915 1378 1046 1416 antiquis
1076 1378 1205 1409 scholiis
1239 1378 1354 1409 intrusa
1387 1386 1463 1409 esse
1487 1377 1647 1409 Servianis
1682 1379 1747 1409 veri

71 1423 121 1450 est
142 1419 337 1450 simillimum.
361 1418 534 1457 Odysseae
559 1420 640 1450 enirn
662 1419 811 1450 Livianae
833 1419 872 1450 ab
895 1419 1007 1450 I‘Ioratii
1034 1420 1229 1457 temporibus
1254 1420 1344 1456 plane
1378 1419 1478 1450 nullus
1514 1424 1576 1450 erat
1607 1428 1684 1450 usus
1719 1420 1748 1450 in

67 1460 196 1491 scholis.
240 1459 278 1491 Et
299 1469 318 1491 a
340 1460 548 1498 posteriorum
570 1461 839 1498 grammaticorum
861 1461 993 1491 lectione
1017 1469 1143 1491 carmen
1166 1461 1237 1491 illud
1259 1469 1354 1491 versu
1387 1461 1439 1497 qui
1473 1460 1582 1491 dicitur
1604 1460 1748 1492 Saturnio

67 1501 279 1538 conscriptum
303 1505 352 1532 est
375 1505 535 1537 remotum,
558 1502 677 1539 quippe
700 1502 787 1539 quod
810 1501 960 1533 difficiIIus
984 1505 1014 1532 et
1035 1502 1117 1532 lectu
1147 1505 1177 1532 et
1199 1502 1354 1532 intellectu
1389 1509 1465 1532 esse
1498 1502 1663 1532 videretur.
1708 1502 1749 1533 At

67 1542 200 1573 vetustis
224 1542 455 1573 commentariis
477 1543 530 1573 vel
553 1543 621 1574 eius
643 1543 769 1580 generis
791 1542 910 1578 libellis,
934 1542 985 1580 qui
1007 1542 1151 1573 Iecfionis
1174 1543 1318 1580 antiquae
1353 1542 1506 1580 exemplis
1530 1543 1625 1573 ornati
1655 1547 1748 1578 erant,

68 1583 158 1614 etiarn
181 1583 385 1614 vetustiorum
408 1584 594 1622 scriptorum
615 1584 793 1615 testimonia
814 1584 927 1615 inserta
952 1583 1051 1615 inisse
1075 1583 1195 1615 Nonius
1219 1583 1387 1615 Marcellus
1416 1584 1520 1615 docet.
1565 1584 1611 1615 Ex
1634 1585 1749 1622 quibus

67 1624 266 1662 interpolator
288 1625 475 1662 depromere
498 1634 557 1657 sua
577 1625 719 1657 facillime
741 1625 848 1664 potuit.

216 1669 244 1695 2.
267 1664 448 1703 Nigidius
472 1665 641 1704 Figulus.

218 1705 360 1744 Nigidius
385 1706 512 1744 Figulus
534 1716 637 1745 aeque
659 1711 753 1745 atque
776 1707 884 1739 L1vius
906 1707 1107 1738 Andronicus
1141 1708 1243 1738 semel
1273 1711 1388 1738 tantum
1417 1717 1434 1738 a
1457 1707 1570 1738 Servio
1604 1709 1750 1739 laudatur.

68 1746 108 1778 A.
131 1746 168 1782 X,
189 1746 405 1794 1175'Shervius
432 1748 619 1787 “interpres“
644 1757 761 1781 vocem
783 1749 917 1781 mediam
941 1756 1016 1780 esse
1040 1748 1121 1785 dicit,
1146 1758 1216 1780 cum
1241 1753 1271 1780 et
1293 1749 1423 1781 deorum
1460 1754 1489 1780 et
1520 1749 1678 1780 hominum
1702 1750 1750 1781 sit.

67 1788 208 1826 Adp0n1t
231 1788 345 1827 Nigidii
366 1790 578 1822 testimonium
601 1791 734 1823 dicentis
757 1791 813 1822 has
835 1794 917 1822 artes
939 1790 1015 1821 inter
1036 1799 1114 1822 sese
1135 1791 1175 1822 ita
1199 1799 1274 1822 esse
1298 1791 1492 1826 coniunctas,
1516 1795 1547 1822 ut
1566 1792 1659 1822 altera
1682 1792 1751 1822 sine

68 1829 161 1860 altera
184 1838 260 1860 esse
283 1838 346 1860 non
368 1831 482 1867 possit.
526 1831 593 1863 Sub
616 1832 710 1863 finem
731 1836 834 1863 autern
856 1831 965 1863 scholii
987 1831 1067 1862 haec
1089 1832 1232 1863 adnotat:
1270 1832 1431 1870 “Nigidius
1460 1836 1562 1863 autem
1590 1833 1678 1863 solus
1704 1837 1752 1863 est

69 1874 144 1907 post
166 1869 346 1907 Varronem,
369 1871 442 1902 licet
464 1871 561 1903 Varro
584 1873 752 1910 praecellat
773 1873 803 1904 in
825 1872 990 1910 theologia,
1013 1872 1063 1904 hic
1085 1873 1115 1903 in
1138 1873 1357 1904 communibus
1380 1873 1500 1904 litteris:
1530 1882 1600 1904 nam
1622 1878 1752 1911 uterque

68 1915 231 1958 utrumque
253 1912 476 1950 scripserunt“.
520 1912 666 1945 Servium
689 1923 761 1946 cum
783 1914 823 1946 de
845 1914 982 1945 Varrone
1013 1917 1043 1945 et
1065 1913 1191 1952 Nigidio
1225 1915 1370 1946 iudIcium
1405 1915 1521 1945 faceret
1553 1923 1615 1945 non
1648 1915 1752 1953 ipsum

69 1951 226 1990 Nigidium
248 1953 378 1991 legisse,
402 1954 463 1985 sed
487 1963 525 1985 ea
546 1964 628 1993 quae
651 1956 779 1991 diceret,
803 1964 843 1986 ex
864 1955 923 1986 alio
945 1955 1028 1986 tonte
1052 1955 1200 1987 hausisse
1223 1956 1293 1987 simi
1313 1959 1390 1987 cest
1422 1956 1497 1986 veri.
1541 1956 1645 1993 Atque
1681 1965 1751 1987 cum

71 1997 196 2039 constet
218 1993 363 2026 Servium
385 1994 527 2027 Suetonii
549 1995 716 2035 Tranquilli
738 1996 840 2035 copiis
864 2004 939 2027 esse
961 2005 1062 2032 usum,
1090 1997 1203 2028 doctas
1226 2006 1287 2035 qua
1329 1997 1369 2028 de
1385 1997 1570 2035 scriptorum
1592 1997 1654 2028 vita
1676 2006 1753 2035 ope-

69 2034 155 2065 ribus
177 2036 358 2067 auctoritate
380 2037 480 2068 adfert
500 2038 624 2069 notitias
648 2042 756 2070 nostro
779 2038 843 2068 iure
866 2038 906 2068 ad
928 2037 1010 2068 illum
1032 2038 1214 2070 referemus.
1258 2038 1325 2070 Sed
1353 2039 1393 2069 ad
1421 2039 1669 2076 interpolatorem
1693 2047 1752 2070 nos

69 2079 301 2107 convertamus.
345 2077 407 2116 Qui
429 2077 587 2117 Nigidium
611 2079 749 2117 pluribus
771 2078 851 2110 Iocis
874 2078 1004 2116 saepius
1033 2079 1127 2117 pleno
1160 2080 1305 2111 librorum
1337 2080 1422 2110 titulo
1455 2080 1603 2117 adposito
1636 2080 1752 2111 laudat:

70 2115 120 2152 [A.
143 2116 162 2152 I,
186 2116 264 2163 37.8]-
281 2119 397 2149 mentio
421 2119 453 2150 fit
474 2120 605 2151 deorum
628 2120 785 2157 penatium
806 2119 974 2157 adscriptis
1008 2119 1123 2158 Nigidii
1147 2124 1177 2152 et
1199 2120 1358 2152 Labeonis
1392 2120 1595 2155 testimoniis;
1631 2120 1680 2156 [A.
1703 2120 1752 2155 XI,

69 2156 161 2203 715.]¹
196 2157 310 2196 Nigidii
331 2160 499 2192 auctoritas
521 2161 660 2192 laudatur
680 2161 721 2191 ad
744 2168 859 2191 vocem
890 2160 1060 2192 “mendax“
1097 2161 1320 2197 illustrandam
1353 2161 1418 2192 libri
1451 2161 1553 2192 titulus
1587 2162 1754 2199 adpositus

68 2206 132 2229 non
146 2207 214 2245 *iam
236 2199 298 2238 legi
330 2209 435 2239 neque
470 2202 533 2233 erui
560 2205 674 2241 potest,
708 2201 780 2239 quia
812 2201 904 2233 locus
938 2206 1102 2241 corruptus
1138 2207 1196 2235 est.
1240 2201 1355 2234 Codex
1378 2202 1535 2234 Parisinus
1559 2207 1648 2237 7929,
1683 2203 1754 2234 olim

72 2238 293 2286 monacensis,
318 2250 358 2273 ex
379 2252 444 2281 quo
469 2243 548 2275 haec
569 2243 780 2275 additamenta
801 2243 961 2280 fluxerunt,
984 2247 1066 2276 teste
1089 2243 1223 2276 Thilone
1247 2244 1279 2280 tl,
1303 2253 1332 2282 p.
1356 2245 1428 2281 559)
1450 2244 1530 2276 haec
1552 2244 1660 2276 habet:
1694 2245 1755 2275 'ni-

70 2290 141 2327 gius
165 2282 205 2314 de
228 2285 355 2315 terras“.
400 2284 469 2317 Hoc
491 2286 574 2322 loco,
598 2285 717 2323 opinor,
740 2285 861 2317 innisus
884 2285 904 2317 I.
926 2285 1015 2317 Klein
1038 2286 1267 2324 (Quaestiones
1291 2286 1484 2324 Nigidianae,
1509 2286 1638 2317 Bonnae
1666 2290 1754 2322 1861)

71 2322 308 2370 dissertationis,
332 2335 425 2363 quam
450 2327 649 2366 conscripsit,
673 2336 703 2365 p.
727 2331 765 2358 26
788 2335 903 2358 nonam
925 2328 1029 2359 statuit
1061 2327 1176 2359 thesin:
1214 2327 1387 2365 “Nigidium
1412 2327 1552 2366 Figulum
1582 2327 1754 2365 scripsisse

71 2362 111 2394 de
133 2366 251 2397 terris“.
296 2366 354 2398 Cui
377 2368 521 2400 assentIri
544 2377 685 2406 nequeo;
721 2368 834 2400 etenim
865 2369 941 2400 “de“
978 2377 1018 2400 ex
1052 2370 1175 2400 omisso
1213 2370 1278 2401 “di‘
1314 2370 1438 2401 videtur
1471 2369 1632 2407 repetitum
1668 2377 1754 2403 esse,
