<?xml version="1.0" encoding="UTF-8"?>
<!DOCTYPE html PUBLIC "-//W3C//DTD XHTML 1.0 Transitional//EN"
    "http://www.w3.org/TR/xhtml1/DTD/xhtml1-transitional.dtd">
<html xmlns="http://www.w3.org/1999/xhtml" xml:lang="en" lang="en">
 <head>
  <title>
</title>
<meta http-equiv="Content-Type" content="text/html;charset=utf-8" />
  <meta name='ocr-system' content='tesseract 3.04.00' />
  <meta name='ocr-capabilities' content='ocr_page ocr_carea ocr_par ocr_line ocrx_word'/>
</head>
<body>
  <div class='ocr_page' id='page_1' title='image "./4627521_0011.png"; bbox 0 0 1875 2656; ppageno 0'>
   <div class='ocr_carea' id='block_1_1' title="bbox 909 111 927 137">
    <p class='ocr_par' dir='ltr' id='par_1_1' title="bbox 909 111 927 137">
     <span class='ocr_line' id='line_1_1' title="bbox 909 111 927 137; baseline 0 0"><span class='ocrx_word' id='word_1_1' title='bbox 909 111 927 137; x_wconf 91' lang='grc'>5</span> 
     </span>
    </p>
   </div>
   <div class='ocr_carea' id='block_1_2' title="bbox 846 147 993 151">
    <p class='ocr_par' dir='ltr' id='par_1_2' title="bbox 846 147 993 151">
     <span class='ocr_line' id='line_1_2' title="bbox 846 147 993 151; baseline 0 0"><span class='ocrx_word' id='word_1_2' title='bbox 846 147 993 151; x_wconf 95' lang='lat' dir='ltr'> </span> 
     </span>
    </p>
   </div>
   <div class='ocr_carea' id='block_1_3' title="bbox 73 202 1762 1763">
    <p class='ocr_par' dir='ltr' id='par_1_3' title="bbox 75 202 1762 286">
     <span class='ocr_line' id='line_1_3' title="bbox 78 202 1762 248; baseline -0.001 -10"><span class='ocrx_word' id='word_1_3' title='bbox 78 208 151 248; x_wconf 79' lang='lat' dir='ltr'>“qui</span> <span class='ocrx_word' id='word_1_4' title='bbox 173 206 341 246; x_wconf 85' lang='lat' dir='ltr'>genuinum</span> <span class='ocrx_word' id='word_1_5' title='bbox 364 202 466 236; x_wconf 91' lang='lat' dir='ltr'>Servii</span> <span class='ocrx_word' id='word_1_6' title='bbox 488 202 743 234; x_wconf 89' lang='lat' dir='ltr'>commentarium</span> <span class='ocrx_word' id='word_1_7' title='bbox 765 202 968 241; x_wconf 88' lang='lat' dir='ltr'>deperditum,</span> <span class='ocrx_word' id='word_1_8' title='bbox 1003 204 1194 236; x_wconf 88' lang='lat' dir='ltr'>Danielinum</span> <span class='ocrx_word' id='word_1_9' title='bbox 1228 209 1330 237; x_wconf 89' lang='lat' dir='ltr'>autem</span> <span class='ocrx_word' id='word_1_10' title='bbox 1367 206 1434 237; x_wconf 88' lang='lat' dir='ltr'>eius</span> <span class='ocrx_word' id='word_1_11' title='bbox 1468 205 1649 237; x_wconf 86' lang='lat' dir='ltr'>similiorem</span> <span class='ocrx_word' id='word_1_12' title='bbox 1685 213 1762 237; x_wconf 90' lang='lat' dir='ltr'>esse</span> 
     </span>
     <span class='ocr_line' id='line_1_4' title="bbox 75 244 1032 286; baseline -0.004 -4"><span class='ocrx_word' id='word_1_13' title='bbox 75 251 137 282; x_wconf 91' lang='lat' dir='ltr'>sibi</span> <span class='ocrx_word' id='word_1_14' title='bbox 161 249 391 286; x_wconf 88' lang='lat' dir='ltr'>persuaserunt,</span> <span class='ocrx_word' id='word_1_15' title='bbox 414 253 508 282; x_wconf 89' lang='lat' dir='ltr'>quam</span> <span class='ocrx_word' id='word_1_16' title='bbox 530 244 705 282; x_wconf 83' lang='lat' dir='ltr'>vulgatum“</span> <span class='ocrx_word' id='word_1_17' title='bbox 731 244 837 282; x_wconf 84' lang='lat' dir='ltr'>(praef.</span> <span class='ocrx_word' id='word_1_18' title='bbox 861 254 891 283; x_wconf 87' lang='lat' dir='ltr'>p.</span> <span class='ocrx_word' id='word_1_19' title='bbox 913 245 1032 283; x_wconf 90' lang='lat' dir='ltr'>LXVI).</span> 
     </span>
    </p>

    <p class='ocr_par' dir='ltr' id='par_1_4' title="bbox 73 284 1762 1025">
     <span class='ocr_line' id='line_1_5' title="bbox 226 284 1762 331; baseline 0 -12"><span class='ocrx_word' id='word_1_20' title='bbox 226 287 382 325; x_wconf 83' lang='lat' dir='ltr'>Equidem</span> <span class='ocrx_word' id='word_1_21' title='bbox 405 294 477 316; x_wconf 93' lang='lat' dir='ltr'>cum</span> <span class='ocrx_word' id='word_1_22' title='bbox 499 285 578 315; x_wconf 90' lang='lat' dir='ltr'>haec</span> <span class='ocrx_word' id='word_1_23' title='bbox 599 284 772 331; x_wconf 44' lang='lat' dir='ltr'>Thilonem·</span> <span class='ocrx_word' id='word_1_24' title='bbox 797 290 927 317; x_wconf 91' lang='lat' dir='ltr'>secutus</span> <span class='ocrx_word' id='word_1_25' title='bbox 960 296 1159 325; x_wconf 87' lang='lat' dir='ltr'>exponerem,</span> <span class='ocrx_word' id='word_1_26' title='bbox 1196 289 1225 319; x_wconf 93' lang='lat' dir='ltr'>id</span> <span class='ocrx_word' id='word_1_27' title='bbox 1263 289 1460 325; x_wconf 88' lang='lat' dir='ltr'>potissimum</span> <span class='ocrx_word' id='word_1_28' title='bbox 1496 289 1555 326; x_wconf 84' lang='lat' dir='ltr'>egi,</span> <span class='ocrx_word' id='word_1_29' title='bbox 1595 292 1626 319; x_wconf 91' lang='lat' dir='ltr'>ut</span> <span class='ocrx_word' id='word_1_30' title='bbox 1660 297 1762 325; x_wconf 87' lang='lat' dir='ltr'>pauca</span> 
     </span>
     <span class='ocr_line' id='line_1_6' title="bbox 74 325 1760 372; baseline -0.002 -10"><span class='ocrx_word' id='word_1_31' title='bbox 74 330 251 370; x_wconf 63' lang='lat' dir='ltr'>quaedam,</span> <span class='ocrx_word' id='word_1_32' title='bbox 265 335 347 366; x_wconf 89' lang='lat' dir='ltr'>quae</span> <span class='ocrx_word' id='word_1_33' title='bbox 369 327 441 365; x_wconf 92' lang='lat' dir='ltr'>ipse</span> <span class='ocrx_word' id='word_1_34' title='bbox 463 326 625 356; x_wconf 89' lang='lat' dir='ltr'>invenisse</span> <span class='ocrx_word' id='word_1_35' title='bbox 649 325 720 356; x_wconf 84' lang='lat' dir='ltr'>mihi</span> <span class='ocrx_word' id='word_1_36' title='bbox 742 326 861 372; x_wconf 79' lang='lat' dir='ltr'>videor,</span> <span class='ocrx_word' id='word_1_37' title='bbox 884 327 914 357; x_wconf 92' lang='lat' dir='ltr'>in</span> <span class='ocrx_word' id='word_1_38' title='bbox 936 328 1071 359; x_wconf 90' lang='lat' dir='ltr'>medium</span> <span class='ocrx_word' id='word_1_39' title='bbox 1095 329 1272 366; x_wconf 77' lang='lat' dir='ltr'>proferrem.</span> <span class='ocrx_word' id='word_1_40' title='bbox 1308 329 1414 366; x_wconf 84' lang='lat' dir='ltr'>Atque</span> <span class='ocrx_word' id='word_1_41' title='bbox 1430 329 1482 360; x_wconf 92' lang='lat' dir='ltr'>diu</span> <span class='ocrx_word' id='word_1_42' title='bbox 1498 329 1627 366; x_wconf 89' lang='lat' dir='ltr'>quidem</span> <span class='ocrx_word' id='word_1_43' title='bbox 1644 329 1760 360; x_wconf 90' lang='lat' dir='ltr'>dubius</span> 
     </span>
     <span class='ocr_line' id='line_1_7' title="bbox 76 367 1759 408; baseline -0.002 -4"><span class='ocrx_word' id='word_1_44' title='bbox 76 381 171 407; x_wconf 87' lang='lat' dir='ltr'>eram,</span> <span class='ocrx_word' id='word_1_45' title='bbox 195 370 300 402; x_wconf 90' lang='lat' dir='ltr'>litteris</span> <span class='ocrx_word' id='word_1_46' title='bbox 325 377 364 400; x_wconf 89' lang='lat' dir='ltr'>ea</span> <span class='ocrx_word' id='word_1_47' title='bbox 385 367 565 399; x_wconf 84' lang='lat' dir='ltr'>mandarem</span> <span class='ocrx_word' id='word_1_48' title='bbox 587 375 704 403; x_wconf 76' lang='lat' dir='ltr'>necne:</span> <span class='ocrx_word' id='word_1_49' title='bbox 732 375 823 398; x_wconf 85' lang='lat' dir='ltr'>nimis</span> <span class='ocrx_word' id='word_1_50' title='bbox 858 368 937 399; x_wconf 91' lang='lat' dir='ltr'>enim</span> <span class='ocrx_word' id='word_1_51' title='bbox 972 369 1083 407; x_wconf 87' lang='lat' dir='ltr'>exigua</span> <span class='ocrx_word' id='word_1_52' title='bbox 1118 378 1193 401; x_wconf 92' lang='lat' dir='ltr'>esse</span> <span class='ocrx_word' id='word_1_53' title='bbox 1227 370 1275 401; x_wconf 90' lang='lat' dir='ltr'>illa</span> <span class='ocrx_word' id='word_1_54' title='bbox 1309 370 1536 408; x_wconf 80' lang='lat' dir='ltr'>intellegebam.</span> <span class='ocrx_word' id='word_1_55' title='bbox 1581 371 1623 401; x_wconf 95' lang='lat' dir='ltr'>At</span> <span class='ocrx_word' id='word_1_56' title='bbox 1657 379 1759 401; x_wconf 87' lang='lat' dir='ltr'>meam</span> 
     </span>
     <span class='ocr_line' id='line_1_8' title="bbox 77 408 1759 455; baseline -0.001 -10"><span class='ocrx_word' id='word_1_57' title='bbox 77 412 320 452; x_wconf 90' lang='lat' dir='ltr'>disputationem</span> <span class='ocrx_word' id='word_1_58' title='bbox 342 410 382 441; x_wconf 91' lang='lat' dir='ltr'>ad</span> <span class='ocrx_word' id='word_1_59' title='bbox 404 408 546 440; x_wconf 90' lang='lat' dir='ltr'>Thilonis</span> <span class='ocrx_word' id='word_1_60' title='bbox 570 408 610 455; x_wconf 83' lang='lat' dir='ltr'>de</span> <span class='ocrx_word' id='word_1_61' title='bbox 633 408 850 447; x_wconf 84' lang='lat' dir='ltr'>interpolatore</span> <span class='ocrx_word' id='word_1_62' title='bbox 873 410 943 441; x_wconf 93' lang='lat' dir='ltr'>sive</span> <span class='ocrx_word' id='word_1_63' title='bbox 966 410 1004 442; x_wconf 92' lang='lat' dir='ltr'>de</span> <span class='ocrx_word' id='word_1_64' title='bbox 1038 411 1306 449; x_wconf 90' lang='lat' dir='ltr'>interpolatoribus</span> <span class='ocrx_word' id='word_1_65' title='bbox 1341 412 1527 443; x_wconf 86' lang='lat' dir='ltr'>sententiam</span> <span class='ocrx_word' id='word_1_66' title='bbox 1562 412 1759 450; x_wconf 86' lang='lat' dir='ltr'>propositam</span> 
     </span>
     <span class='ocr_line' id='line_1_9' title="bbox 75 450 1759 490; baseline -0.001 -4"><span class='ocrx_word' id='word_1_67' title='bbox 75 456 212 486; x_wconf 82' lang='lat' dir='ltr'>tortasse</span> <span class='ocrx_word' id='word_1_68' title='bbox 234 453 337 490; x_wconf 89' lang='lat' dir='ltr'>aliqua</span> <span class='ocrx_word' id='word_1_69' title='bbox 358 459 398 482; x_wconf 89' lang='lat' dir='ltr'>ex</span> <span class='ocrx_word' id='word_1_70' title='bbox 420 454 506 489; x_wconf 88' lang='lat' dir='ltr'>parte</span> <span class='ocrx_word' id='word_1_71' title='bbox 529 450 773 481; x_wconf 80' lang='lat' dir='ltr'>confirmandam</span> <span class='ocrx_word' id='word_1_72' title='bbox 795 450 898 482; x_wconf 90' lang='lat' dir='ltr'>valere</span> <span class='ocrx_word' id='word_1_73' title='bbox 927 455 1008 483; x_wconf 91' lang='lat' dir='ltr'>ratus</span> <span class='ocrx_word' id='word_1_74' title='bbox 1036 452 1149 490; x_wconf 88' lang='lat' dir='ltr'>publici</span> <span class='ocrx_word' id='word_1_75' title='bbox 1173 453 1244 484; x_wconf 91' lang='lat' dir='ltr'>iuris</span> <span class='ocrx_word' id='word_1_76' title='bbox 1272 454 1375 484; x_wconf 80' lang='lat' dir='ltr'>iacere</span> <span class='ocrx_word' id='word_1_77' title='bbox 1409 452 1592 488; x_wconf 85' lang='lat' dir='ltr'>constitui.¹)</span> <span class='ocrx_word' id='word_1_78' title='bbox 1636 452 1703 484; x_wconf 87' lang='lat' dir='ltr'>Sed</span> <span class='ocrx_word' id='word_1_79' title='bbox 1728 458 1759 484; x_wconf 90' lang='lat' dir='ltr'>ut</span> 
     </span>
     <span class='ocr_line' id='line_1_10' title="bbox 77 491 1755 532; baseline -0.002 -4"><span class='ocrx_word' id='word_1_80' title='bbox 77 496 165 528; x_wconf 88' lang='lat' dir='ltr'>brevi</span> <span class='ocrx_word' id='word_1_81' title='bbox 188 493 462 532; x_wconf 89' lang='lat' dir='ltr'>comprehendam,</span> <span class='ocrx_word' id='word_1_82' title='bbox 487 492 577 523; x_wconf 90' lang='lat' dir='ltr'>etiam</span> <span class='ocrx_word' id='word_1_83' title='bbox 600 491 671 523; x_wconf 90' lang='lat' dir='ltr'>mihi</span> <span class='ocrx_word' id='word_1_84' title='bbox 704 491 826 523; x_wconf 88' lang='lat' dir='ltr'>aliunde</span> <span class='ocrx_word' id='word_1_85' title='bbox 859 493 998 530; x_wconf 77' lang='lat' dir='ltr'>protecto</span> <span class='ocrx_word' id='word_1_86' title='bbox 1030 493 1254 531; x_wconf 81' lang='lat' dir='ltr'>interpolatoris</span> <span class='ocrx_word' id='word_1_87' title='bbox 1284 512 1314 515; x_wconf 84' lang='lat'>—</span> <span class='ocrx_word' id='word_1_88' title='bbox 1340 503 1405 532; x_wconf 87' lang='lat' dir='ltr'>quo</span> <span class='ocrx_word' id='word_1_89' title='bbox 1439 495 1564 525; x_wconf 92' lang='lat' dir='ltr'>nomine</span> <span class='ocrx_word' id='word_1_90' title='bbox 1595 495 1755 525; x_wconf 86' lang='lat' dir='ltr'>brevitatis</span> 
     </span>
     <span class='ocr_line' id='line_1_11' title="bbox 75 533 1755 573; baseline -0.001 -4"><span class='ocrx_word' id='word_1_91' title='bbox 75 546 174 569; x_wconf 86' lang='lat' dir='ltr'>causa</span> <span class='ocrx_word' id='word_1_92' title='bbox 196 540 355 567; x_wconf 84' lang='lat' dir='ltr'>auctorem</span> <span class='ocrx_word' id='word_1_93' title='bbox 378 535 448 566; x_wconf 92' lang='lat' dir='ltr'>sive</span> <span class='ocrx_word' id='word_1_94' title='bbox 470 537 616 565; x_wconf 87' lang='lat' dir='ltr'>auctores</span> <span class='ocrx_word' id='word_1_95' title='bbox 640 533 777 564; x_wconf 88' lang='lat' dir='ltr'>omniurn</span> <span class='ocrx_word' id='word_1_96' title='bbox 799 542 881 570; x_wconf 93' lang='lat' dir='ltr'>quae</span> <span class='ocrx_word' id='word_1_97' title='bbox 902 543 919 565; x_wconf 92' lang='lat' dir='ltr'>a</span> <span class='ocrx_word' id='word_1_98' title='bbox 943 533 1117 566; x_wconf 83' lang='lat' dir='ltr'>Burmanno</span> <span class='ocrx_word' id='word_1_99' title='bbox 1140 540 1232 573; x_wconf 89' lang='lat' dir='ltr'>atque</span> <span class='ocrx_word' id='word_1_100' title='bbox 1256 535 1355 567; x_wconf 92' lang='lat' dir='ltr'>Lione</span> <span class='ocrx_word' id='word_1_101' title='bbox 1378 537 1467 567; x_wconf 92' lang='lat' dir='ltr'>uncis</span> <span class='ocrx_word' id='word_1_102' title='bbox 1499 537 1639 567; x_wconf 89' lang='lat' dir='ltr'>inclusae</span> <span class='ocrx_word' id='word_1_103' title='bbox 1673 541 1755 569; x_wconf 90' lang='lat' dir='ltr'>sunt.</span> 
     </span>
     <span class='ocr_line' id='line_1_12' title="bbox 76 573 1751 614; baseline -0.001 -5"><span class='ocrx_word' id='word_1_104' title='bbox 76 579 106 609; x_wconf 91' lang='lat' dir='ltr'>in</span> <span class='ocrx_word' id='word_1_105' title='bbox 129 577 269 609; x_wconf 89' lang='lat' dir='ltr'>Thilonis</span> <span class='ocrx_word' id='word_1_106' title='bbox 293 576 430 607; x_wconf 86' lang='lat' dir='ltr'>editione</span> <span class='ocrx_word' id='word_1_107' title='bbox 453 575 604 606; x_wconf 91' lang='lat' dir='ltr'>inclinatis</span> <span class='ocrx_word' id='word_1_108' title='bbox 626 574 732 605; x_wconf 91' lang='lat' dir='ltr'>litteris</span> <span class='ocrx_word' id='word_1_109' title='bbox 754 574 929 611; x_wconf 85' lang='lat' dir='ltr'>impressae</span> <span class='ocrx_word' id='word_1_110' title='bbox 961 573 1067 611; x_wconf 75' lang='lat' dir='ltr'>sunt,²)</span> <span class='ocrx_word' id='word_1_111' title='bbox 1098 576 1364 614; x_wconf 87' lang='lat' dir='ltr'>interpolationum</span> <span class='ocrx_word' id='word_1_112' title='bbox 1398 577 1564 614; x_wconf 80' lang='lat' dir='ltr'>significari</span> <span class='ocrx_word' id='word_1_113' title='bbox 1598 577 1692 607; x_wconf 92' lang='lat' dir='ltr'>velim</span> <span class='ocrx_word' id='word_1_114' title='bbox 1722 594 1751 596; x_wconf 97' lang='lat'><strong>—</strong></span> 
     </span>
     <span class='ocr_line' id='line_1_13' title="bbox 76 614 1755 656; baseline -0.001 -6"><span class='ocrx_word' id='word_1_115' title='bbox 76 618 211 656; x_wconf 88' lang='lat' dir='ltr'>vestigia</span> <span class='ocrx_word' id='word_1_116' title='bbox 233 618 436 648; x_wconf 90' lang='lat' dir='ltr'>innotuerunt.</span> <span class='ocrx_word' id='word_1_117' title='bbox 480 616 552 653; x_wconf 90' lang='lat' dir='ltr'>Qua</span> <span class='ocrx_word' id='word_1_118' title='bbox 574 616 604 645; x_wconf 90' lang='lat' dir='ltr'>in</span> <span class='ocrx_word' id='word_1_119' title='bbox 627 623 658 645; x_wconf 90' lang='lat' dir='ltr'>re</span> <span class='ocrx_word' id='word_1_120' title='bbox 681 614 752 646; x_wconf 91' lang='lat' dir='ltr'>mihi</span> <span class='ocrx_word' id='word_1_121' title='bbox 775 615 858 646; x_wconf 91' lang='lat' dir='ltr'>idem</span> <span class='ocrx_word' id='word_1_122' title='bbox 885 616 969 653; x_wconf 91' lang='lat' dir='ltr'>quod</span> <span class='ocrx_word' id='word_1_123' title='bbox 992 616 1113 647; x_wconf 90' lang='lat' dir='ltr'>Thiloni</span> <span class='ocrx_word' id='word_1_124' title='bbox 1146 618 1267 652; x_wconf 86' lang='lat' dir='ltr'>accidit,</span> <span class='ocrx_word' id='word_1_125' title='bbox 1302 627 1372 648; x_wconf 89' lang='lat' dir='ltr'>curn</span> <span class='ocrx_word' id='word_1_126' title='bbox 1405 618 1690 648; x_wconf 84' lang='lat' dir='ltr'>mathematicorum</span> <span class='ocrx_word' id='word_1_127' title='bbox 1728 618 1755 647; x_wconf 87' lang='lat' dir='ltr'>in</span> 
     </span>
     <span class='ocr_line' id='line_1_14' title="bbox 75 656 1755 696; baseline -0.002 -5"><span class='ocrx_word' id='word_1_128' title='bbox 75 660 215 694; x_wconf 91' lang='lat' dir='ltr'>modum,</span> <span class='ocrx_word' id='word_1_129' title='bbox 239 658 291 696; x_wconf 91' lang='lat' dir='ltr'>qui</span> <span class='ocrx_word' id='word_1_130' title='bbox 313 658 343 689; x_wconf 94' lang='lat' dir='ltr'>in</span> <span class='ocrx_word' id='word_1_131' title='bbox 365 656 485 694; x_wconf 87' lang='lat' dir='ltr'>analysi</span> <span class='ocrx_word' id='word_1_132' title='bbox 508 656 538 687; x_wconf 90' lang='lat' dir='ltr'>id</span> <span class='ocrx_word' id='word_1_133' title='bbox 561 656 648 693; x_wconf 91' lang='lat' dir='ltr'>quod</span> <span class='ocrx_word' id='word_1_134' title='bbox 672 656 947 688; x_wconf 89' lang='lat' dir='ltr'>demonstrandum</span> <span class='ocrx_word' id='word_1_135' title='bbox 970 662 1018 688; x_wconf 93' lang='lat' dir='ltr'>est</span> <span class='ocrx_word' id='word_1_136' title='bbox 1040 666 1147 688; x_wconf 92' lang='lat' dir='ltr'>verum</span> <span class='ocrx_word' id='word_1_137' title='bbox 1172 667 1247 689; x_wconf 88' lang='lat' dir='ltr'>esse</span> <span class='ocrx_word' id='word_1_138' title='bbox 1272 663 1427 696; x_wconf 86' lang='lat' dir='ltr'>ponentes</span> <span class='ocrx_word' id='word_1_139' title='bbox 1457 659 1647 695; x_wconf 82' lang='lat' dir='ltr'>argumentis</span> <span class='ocrx_word' id='word_1_140' title='bbox 1683 659 1755 689; x_wconf 86' lang='lat' dir='ltr'>inde</span> 
     </span>
     <span class='ocr_line' id='line_1_15' title="bbox 76 697 1756 739; baseline -0.002 -8"><span class='ocrx_word' id='word_1_141' title='bbox 76 701 180 739; x_wconf 89' lang='lat' dir='ltr'>petitis</span> <span class='ocrx_word' id='word_1_142' title='bbox 203 699 367 737; x_wconf 90' lang='lat' dir='ltr'>synthesin</span> <span class='ocrx_word' id='word_1_143' title='bbox 399 701 526 732; x_wconf 87' lang='lat' dir='ltr'>struunt,</span> <span class='ocrx_word' id='word_1_144' title='bbox 559 697 785 734; x_wconf 86' lang='lat' dir='ltr'>interpolatoris</span> <span class='ocrx_word' id='word_1_145' title='bbox 819 697 1025 729; x_wconf 90' lang='lat' dir='ltr'>additamenta</span> <span class='ocrx_word' id='word_1_146' title='bbox 1053 707 1071 728; x_wconf 93' lang='lat' dir='ltr'>a</span> <span class='ocrx_word' id='word_1_147' title='bbox 1105 698 1204 729; x_wconf 90' lang='lat' dir='ltr'>Servii</span> <span class='ocrx_word' id='word_1_148' title='bbox 1228 699 1356 730; x_wconf 85' lang='lat' dir='ltr'>scholiis</span> <span class='ocrx_word' id='word_1_149' title='bbox 1380 700 1522 730; x_wconf 88' lang='lat' dir='ltr'>seiuncta</span> <span class='ocrx_word' id='word_1_150' title='bbox 1550 700 1756 730; x_wconf 86' lang='lat' dir='ltr'>tractaverim.</span> 
     </span>
     <span class='ocr_line' id='line_1_16' title="bbox 76 738 1756 777; baseline -0.001 -5"><span class='ocrx_word' id='word_1_151' title='bbox 76 741 156 772; x_wconf 89' lang='lat' dir='ltr'>Nam</span> <span class='ocrx_word' id='word_1_152' title='bbox 180 749 251 772; x_wconf 92' lang='lat' dir='ltr'>cum</span> <span class='ocrx_word' id='word_1_153' title='bbox 274 739 375 771; x_wconf 91' lang='lat' dir='ltr'>Servii</span> <span class='ocrx_word' id='word_1_154' title='bbox 398 738 640 769; x_wconf 85' lang='lat' dir='ltr'>commentarios</span> <span class='ocrx_word' id='word_1_155' title='bbox 664 738 771 769; x_wconf 88' lang='lat' dir='ltr'>iterum</span> <span class='ocrx_word' id='word_1_156' title='bbox 793 742 886 775; x_wconf 89' lang='lat' dir='ltr'>atque</span> <span class='ocrx_word' id='word_1_157' title='bbox 908 739 1013 770; x_wconf 89' lang='lat' dir='ltr'>iterum</span> <span class='ocrx_word' id='word_1_158' title='bbox 1037 740 1240 777; x_wconf 69' lang='lat' dir='ltr'>perlegerem,</span> <span class='ocrx_word' id='word_1_159' title='bbox 1270 740 1297 770; x_wconf 93' lang='lat' dir='ltr'>in</span> <span class='ocrx_word' id='word_1_160' title='bbox 1323 749 1362 771; x_wconf 92' lang='lat' dir='ltr'>eo</span> <span class='ocrx_word' id='word_1_161' title='bbox 1386 741 1519 771; x_wconf 84' lang='lat' dir='ltr'>maxime</span> <span class='ocrx_word' id='word_1_162' title='bbox 1543 740 1756 773; x_wconf 77' lang='lat' dir='ltr'>offendebam.</span> 
     </span>
     <span class='ocr_line' id='line_1_17' title="bbox 74 779 1754 820; baseline -0.001 -7"><span class='ocrx_word' id='word_1_163' title='bbox 74 783 163 820; x_wconf 90' lang='lat' dir='ltr'>quod</span> <span class='ocrx_word' id='word_1_164' title='bbox 185 781 265 812; x_wconf 92' lang='lat' dir='ltr'>locis</span> <span class='ocrx_word' id='word_1_165' title='bbox 289 780 346 811; x_wconf 93' lang='lat' dir='ltr'>illis</span> <span class='ocrx_word' id='word_1_166' title='bbox 369 779 559 817; x_wconf 88' lang='lat' dir='ltr'>interpolatis</span> <span class='ocrx_word' id='word_1_167' title='bbox 582 779 712 817; x_wconf 89' lang='lat' dir='ltr'>saepius</span> <span class='ocrx_word' id='word_1_168' title='bbox 735 779 905 817; x_wconf 87' lang='lat' dir='ltr'>scriptores</span> <span class='ocrx_word' id='word_1_169' title='bbox 927 779 1066 811; x_wconf 90' lang='lat' dir='ltr'>horridae</span> <span class='ocrx_word' id='word_1_170' title='bbox 1088 782 1251 812; x_wconf 89' lang='lat' dir='ltr'>vetustatis</span> <span class='ocrx_word' id='word_1_171' title='bbox 1277 782 1376 818; x_wconf 89' lang='lat' dir='ltr'>plenis</span> <span class='ocrx_word' id='word_1_172' title='bbox 1402 782 1584 819; x_wconf 88' lang='lat' dir='ltr'>plerumque</span> <span class='ocrx_word' id='word_1_173' title='bbox 1608 782 1754 812; x_wconf 89' lang='lat' dir='ltr'>librorum</span> 
     </span>
     <span class='ocr_line' id='line_1_18' title="bbox 75 820 1754 859; baseline -0.001 -6"><span class='ocrx_word' id='word_1_174' title='bbox 75 823 167 853; x_wconf 87' lang='lat' dir='ltr'>titulis</span> <span class='ocrx_word' id='word_1_175' title='bbox 201 821 364 859; x_wconf 89' lang='lat' dir='ltr'>appellatis</span> <span class='ocrx_word' id='word_1_176' title='bbox 396 820 511 851; x_wconf 89' lang='lat' dir='ltr'>laudari</span> <span class='ocrx_word' id='word_1_177' title='bbox 542 820 837 855; x_wconf 85' lang='lat' dir='ltr'>animadvertebam,</span> <span class='ocrx_word' id='word_1_178' title='bbox 868 821 897 851; x_wconf 90' lang='lat' dir='ltr'>id</span> <span class='ocrx_word' id='word_1_179' title='bbox 929 821 1014 857; x_wconf 91' lang='lat' dir='ltr'>quod</span> <span class='ocrx_word' id='word_1_180' title='bbox 1049 821 1077 851; x_wconf 93' lang='lat' dir='ltr'>in</span> <span class='ocrx_word' id='word_1_181' title='bbox 1100 821 1211 852; x_wconf 89' lang='lat' dir='ltr'>Servio</span> <span class='ocrx_word' id='word_1_182' title='bbox 1239 823 1398 852; x_wconf 86' lang='lat' dir='ltr'>decurtato</span> <span class='ocrx_word' id='word_1_183' title='bbox 1427 823 1479 859; x_wconf 89' lang='lat' dir='ltr'>qui</span> <span class='ocrx_word' id='word_1_184' title='bbox 1513 823 1624 853; x_wconf 90' lang='lat' dir='ltr'>dicitur</span> <span class='ocrx_word' id='word_1_185' title='bbox 1659 823 1754 852; x_wconf 85' lang='lat' dir='ltr'>rarius</span> 
     </span>
     <span class='ocr_line' id='line_1_19' title="bbox 77 860 1759 900; baseline -0.001 -6"><span class='ocrx_word' id='word_1_186' title='bbox 77 863 147 894; x_wconf 91' lang='lat' dir='ltr'>mihi</span> <span class='ocrx_word' id='word_1_187' title='bbox 171 862 312 894; x_wconf 92' lang='lat' dir='ltr'>occurrit.</span> <span class='ocrx_word' id='word_1_188' title='bbox 357 861 498 899; x_wconf 87' lang='lat' dir='ltr'>Quorum</span> <span class='ocrx_word' id='word_1_189' title='bbox 520 860 661 891; x_wconf 87' lang='lat' dir='ltr'>locorum</span> <span class='ocrx_word' id='word_1_190' title='bbox 695 869 807 898; x_wconf 88' lang='lat' dir='ltr'>magna</span> <span class='ocrx_word' id='word_1_191' title='bbox 841 869 911 898; x_wconf 91' lang='lat' dir='ltr'>pars</span> <span class='ocrx_word' id='word_1_192' title='bbox 934 869 972 892; x_wconf 91' lang='lat' dir='ltr'>eo</span> <span class='ocrx_word' id='word_1_193' title='bbox 995 861 1125 899; x_wconf 91' lang='lat' dir='ltr'>insignis</span> <span class='ocrx_word' id='word_1_194' title='bbox 1149 866 1205 897; x_wconf 92' lang='lat' dir='ltr'>est,</span> <span class='ocrx_word' id='word_1_195' title='bbox 1229 863 1315 900; x_wconf 88' lang='lat' dir='ltr'>quod</span> <span class='ocrx_word' id='word_1_196' title='bbox 1345 871 1363 893; x_wconf 92' lang='lat' dir='ltr'>a</span> <span class='ocrx_word' id='word_1_197' title='bbox 1385 863 1521 893; x_wconf 92' lang='lat' dir='ltr'>vocibus</span> <span class='ocrx_word' id='word_1_198' title='bbox 1557 863 1614 893; x_wconf 90' lang='lat' dir='ltr'>illis</span> <span class='ocrx_word' id='word_1_199' title='bbox 1639 863 1759 893; x_wconf 82' lang='lat' dir='ltr'>decan-</span> 
     </span>
     <span class='ocr_line' id='line_1_20' title="bbox 73 902 1754 942; baseline -0.001 -6"><span class='ocrx_word' id='word_1_200' title='bbox 73 905 160 936; x_wconf 86' lang='lat' dir='ltr'>tatis:</span> <span class='ocrx_word' id='word_1_201' title='bbox 186 905 234 936; x_wconf 81' lang='lat' dir='ltr'>“ut</span> <span class='ocrx_word' id='word_1_202' title='bbox 255 907 382 935; x_wconf 90' lang='lat' dir='ltr'>veteres</span> <span class='ocrx_word' id='word_1_203' title='bbox 406 902 520 937; x_wconf 90' lang='lat' dir='ltr'>dicunt,</span> <span class='ocrx_word' id='word_1_204' title='bbox 543 902 719 934; x_wconf 89' lang='lat' dir='ltr'>secundum</span> <span class='ocrx_word' id='word_1_205' title='bbox 741 906 876 938; x_wconf 89' lang='lat' dir='ltr'>veteres,</span> <span class='ocrx_word' id='word_1_206' title='bbox 900 903 994 934; x_wconf 89' lang='lat' dir='ltr'>veteri</span> <span class='ocrx_word' id='word_1_207' title='bbox 1018 903 1104 938; x_wconf 76' lang='lat' dir='ltr'>(sici)</span> <span class='ocrx_word' id='word_1_208' title='bbox 1128 904 1230 934; x_wconf 67' lang='lat' dir='ltr'>more*v</span> <span class='ocrx_word' id='word_1_209' title='bbox 1256 904 1323 935; x_wconf 87' lang='lat' dir='ltr'>aliis</span> <span class='ocrx_word' id='word_1_210' title='bbox 1340 904 1453 935; x_wconf 87' lang='lat' dir='ltr'>initium</span> <span class='ocrx_word' id='word_1_211' title='bbox 1477 904 1611 942; x_wconf 81' lang='lat' dir='ltr'>capiunt,</span> <span class='ocrx_word' id='word_1_212' title='bbox 1637 904 1754 935; x_wconf 78' lang='lat' dir='ltr'>delnde</span> 
     </span>
     <span class='ocr_line' id='line_1_21' title="bbox 73 944 1755 984; baseline -0.002 -7"><span class='ocrx_word' id='word_1_213' title='bbox 73 946 163 984; x_wconf 90' lang='lat' dir='ltr'>quod</span> <span class='ocrx_word' id='word_1_214' title='bbox 186 946 226 977; x_wconf 90' lang='lat' dir='ltr'>de</span> <span class='ocrx_word' id='word_1_215' title='bbox 250 946 343 976; x_wconf 93' lang='lat' dir='ltr'>rebus</span> <span class='ocrx_word' id='word_1_216' title='bbox 366 944 466 975; x_wconf 89' lang='lat' dir='ltr'>sacris</span> <span class='ocrx_word' id='word_1_217' title='bbox 489 947 583 981; x_wconf 90' lang='lat' dir='ltr'>atque</span> <span class='ocrx_word' id='word_1_218' title='bbox 607 944 647 975; x_wconf 90' lang='lat' dir='ltr'>de</span> <span class='ocrx_word' id='word_1_219' title='bbox 669 944 897 982; x_wconf 89' lang='lat' dir='ltr'>antiquitatibus</span> <span class='ocrx_word' id='word_1_220' title='bbox 930 944 1034 982; x_wconf 88' lang='lat' dir='ltr'>populi</span> <span class='ocrx_word' id='word_1_221' title='bbox 1066 944 1194 975; x_wconf 78' lang='lat' dir='ltr'>Romani</span> <span class='ocrx_word' id='word_1_222' title='bbox 1230 949 1258 976; x_wconf 91' lang='lat' dir='ltr'>et</span> <span class='ocrx_word' id='word_1_223' title='bbox 1291 946 1330 976; x_wconf 90' lang='lat' dir='ltr'>de</span> <span class='ocrx_word' id='word_1_224' title='bbox 1366 954 1481 977; x_wconf 91' lang='lat' dir='ltr'>vocum</span> <span class='ocrx_word' id='word_1_225' title='bbox 1516 946 1755 983; x_wconf 72' lang='lat' dir='ltr'>significatione,</span> 
     </span>
     <span class='ocr_line' id='line_1_22' title="bbox 77 984 1480 1025; baseline -0.001 -7"><span class='ocrx_word' id='word_1_226' title='bbox 77 991 183 1025; x_wconf 92' lang='lat' dir='ltr'>etymo</span> <span class='ocrx_word' id='word_1_227' title='bbox 206 996 266 1018; x_wconf 91' lang='lat' dir='ltr'>usu</span> <span class='ocrx_word' id='word_1_228' title='bbox 288 986 474 1024; x_wconf 81' lang='lat' dir='ltr'>scriptorum</span> <span class='ocrx_word' id='word_1_229' title='bbox 498 985 630 1023; x_wconf 90' lang='lat' dir='ltr'>probato</span> <span class='ocrx_word' id='word_1_230' title='bbox 652 989 755 1023; x_wconf 88' lang='lat' dir='ltr'>agunt.</span> <span class='ocrx_word' id='word_1_231' title='bbox 800 984 865 1016; x_wconf 88' lang='lat' dir='ltr'>Sed</span> <span class='ocrx_word' id='word_1_232' title='bbox 889 985 961 1022; x_wconf 92' lang='lat' dir='ltr'>quid</span> <span class='ocrx_word' id='word_1_233' title='bbox 984 985 1100 1016; x_wconf 84' lang='lat' dir='ltr'>multa?</span> <span class='ocrx_word' id='word_1_234' title='bbox 1145 987 1287 1024; x_wconf 90' lang='lat' dir='ltr'>exempla</span> <span class='ocrx_word' id='word_1_235' title='bbox 1310 987 1480 1024; x_wconf 90' lang='lat' dir='ltr'>loquantur.</span> 
     </span>
    </p>

    <p class='ocr_par' dir='ltr' id='par_1_5' title="bbox 73 1025 1762 1763">
     <span class='ocr_line' id='line_1_23' title="bbox 227 1025 1757 1065; baseline -0.001 -7"><span class='ocrx_word' id='word_1_236' title='bbox 227 1027 317 1064; x_wconf 89' lang='lat' dir='ltr'>[Aen.</span> <span class='ocrx_word' id='word_1_237' title='bbox 341 1026 378 1062; x_wconf 89' lang='grc' dir='ltr'>Χ,</span> <span class='ocrx_word' id='word_1_238' title='bbox 402 1025 472 1062; x_wconf 83' lang='grc'>329]</span> <span class='ocrx_word' id='word_1_239' title='bbox 496 1026 695 1064; x_wconf 91' lang='lat' dir='ltr'>interpolator</span> <span class='ocrx_word' id='word_1_240' title='bbox 713 1026 853 1064; x_wconf 86' lang='lat' dir='ltr'>“septem</span> <span class='ocrx_word' id='word_1_241' title='bbox 869 1027 1013 1056; x_wconf 86' lang='lat' dir='ltr'>numer0“</span> <span class='ocrx_word' id='word_1_242' title='bbox 1033 1027 1115 1057; x_wconf 90' lang='lat' dir='ltr'>idem</span> <span class='ocrx_word' id='word_1_243' title='bbox 1134 1035 1209 1057; x_wconf 93' lang='lat' dir='ltr'>esse</span> <span class='ocrx_word' id='word_1_244' title='bbox 1226 1028 1311 1064; x_wconf 85' lang='lat' dir='ltr'>quod</span> <span class='ocrx_word' id='word_1_245' title='bbox 1329 1028 1488 1065; x_wconf 59' lang='lat' dir='ltr'>‘septem‘</span> <span class='ocrx_word' id='word_1_246' title='bbox 1508 1028 1668 1059; x_wconf 80' lang='lat' dir='ltr'>observat,</span> <span class='ocrx_word' id='word_1_247' title='bbox 1685 1036 1757 1057; x_wconf 89' lang='lat' dir='ltr'>cum</span> 
     </span>
     <span class='ocr_line' id='line_1_24' title="bbox 79 1066 1753 1106; baseline -0.002 -5"><span class='ocrx_word' id='word_1_248' title='bbox 79 1070 170 1101; x_wconf 88' lang='lat' dir='ltr'>etiam</span> <span class='ocrx_word' id='word_1_249' title='bbox 196 1068 357 1100; x_wconf 83' lang='lat' dir='ltr'>“veteres“</span> <span class='ocrx_word' id='word_1_250' title='bbox 384 1068 424 1098; x_wconf 91' lang='lat' dir='ltr'>ita</span> <span class='ocrx_word' id='word_1_251' title='bbox 447 1067 678 1102; x_wconf 89' lang='lat' dir='ltr'>enuntiaverint,</span> <span class='ocrx_word' id='word_1_252' title='bbox 702 1071 733 1098; x_wconf 93' lang='lat' dir='ltr'>ut</span> <span class='ocrx_word' id='word_1_253' title='bbox 759 1067 911 1099; x_wconf 82' lang='lat' dir='ltr'>“Lucilius</span> <span class='ocrx_word' id='word_1_254' title='bbox 935 1067 962 1098; x_wconf 94' lang='lat' dir='ltr'>in</span> <span class='ocrx_word' id='word_1_255' title='bbox 985 1066 1057 1098; x_wconf 63' lang='lat' dir='ltr'>Illlf</span> <span class='ocrx_word' id='word_1_256' title='bbox 1085 1072 1143 1098; x_wconf 86' lang='lat' dir='ltr'>etc.</span> <span class='ocrx_word' id='word_1_257' title='bbox 1173 1086 1202 1088; x_wconf 97' lang='lat'><strong>—</strong></span> <span class='ocrx_word' id='word_1_258' title='bbox 1237 1068 1285 1105; x_wconf 86' lang='lat' dir='ltr'>[A.</span> <span class='ocrx_word' id='word_1_259' title='bbox 1309 1068 1327 1103; x_wconf 94' lang='grc' dir='ltr'>Ι,</span> <span class='ocrx_word' id='word_1_260' title='bbox 1355 1068 1400 1105; x_wconf 84' lang='grc'>16]</span> <span class='ocrx_word' id='word_1_261' title='bbox 1424 1069 1522 1106; x_wconf 87' lang='lat' dir='ltr'>agitur</span> <span class='ocrx_word' id='word_1_262' title='bbox 1545 1069 1585 1099; x_wconf 88' lang='lat' dir='ltr'>de</span> <span class='ocrx_word' id='word_1_263' title='bbox 1613 1069 1753 1099; x_wconf 69' lang='lat' dir='ltr'>*colere*v</span> 
     </span>
     <span class='ocr_line' id='line_1_25' title="bbox 76 1109 1756 1146; baseline -0.001 -5"><span class='ocrx_word' id='word_1_264' title='bbox 76 1111 169 1141; x_wconf 90' lang='lat' dir='ltr'>vocis</span> <span class='ocrx_word' id='word_1_265' title='bbox 192 1119 252 1141; x_wconf 91' lang='lat' dir='ltr'>usu</span> <span class='ocrx_word' id='word_1_266' title='bbox 275 1113 349 1144; x_wconf 82' lang='lat' dir='ltr'>etc.;</span> <span class='ocrx_word' id='word_1_267' title='bbox 372 1109 508 1139; x_wconf 87' lang='lat' dir='ltr'>additur:</span> <span class='ocrx_word' id='word_1_268' title='bbox 532 1109 622 1146; x_wconf 84' lang='lat' dir='ltr'>“quia</span> <span class='ocrx_word' id='word_1_269' title='bbox 643 1112 770 1139; x_wconf 90' lang='lat' dir='ltr'>veteres</span> <span class='ocrx_word' id='word_1_270' title='bbox 793 1109 896 1140; x_wconf 90' lang='lat' dir='ltr'>colere</span> <span class='ocrx_word' id='word_1_271' title='bbox 920 1109 1082 1139; x_wconf 81' lang='lat' dir='ltr'>dicebant‘⁴</span> <span class='ocrx_word' id='word_1_272' title='bbox 1108 1114 1165 1139; x_wconf 90' lang='lat' dir='ltr'>etc.</span> <span class='ocrx_word' id='word_1_273' title='bbox 1190 1109 1305 1140; x_wconf 89' lang='lat' dir='ltr'>Citatur</span> <span class='ocrx_word' id='word_1_274' title='bbox 1321 1109 1464 1140; x_wconf 79' lang='lat' dir='ltr'>“Plautus</span> <span class='ocrx_word' id='word_1_275' title='bbox 1488 1110 1516 1140; x_wconf 91' lang='lat' dir='ltr'>in</span> <span class='ocrx_word' id='word_1_276' title='bbox 1541 1109 1756 1140; x_wconf 30' lang='lat' dir='ltr'>poenulffc·</span> 
     </span>
     <span class='ocr_line' id='line_1_26' title="bbox 77 1150 1757 1188; baseline -0.001 -6"><span class='ocrx_word' id='word_1_277' title='bbox 77 1150 169 1188; x_wconf 88' lang='lat' dir='ltr'>[Aen.</span> <span class='ocrx_word' id='word_1_278' title='bbox 192 1151 211 1187; x_wconf 88' lang='lat' dir='ltr'>l,</span> <span class='ocrx_word' id='word_1_279' title='bbox 229 1150 278 1187; x_wconf 91' lang='lat'>52]</span> <span class='ocrx_word' id='word_1_280' title='bbox 296 1150 404 1182; x_wconf 91' lang='lat' dir='ltr'>dicitur</span> <span class='ocrx_word' id='word_1_281' title='bbox 423 1150 551 1181; x_wconf 85' lang='lat' dir='ltr'>&#39;‘vasto“</span> <span class='ocrx_word' id='word_1_282' title='bbox 572 1153 601 1180; x_wconf 91' lang='lat' dir='ltr'>et</span> <span class='ocrx_word' id='word_1_283' title='bbox 617 1158 673 1187; x_wconf 90' lang='lat' dir='ltr'>pro</span> <span class='ocrx_word' id='word_1_284' title='bbox 690 1150 834 1181; x_wconf 90' lang='lat' dir='ltr'>desolato</span> <span class='ocrx_word' id='word_1_285' title='bbox 851 1153 880 1180; x_wconf 95' lang='lat' dir='ltr'>et</span> <span class='ocrx_word' id='word_1_286' title='bbox 896 1158 951 1187; x_wconf 90' lang='lat' dir='ltr'>pro</span> <span class='ocrx_word' id='word_1_287' title='bbox 967 1158 1080 1187; x_wconf 88' lang='lat' dir='ltr'>magno</span> <span class='ocrx_word' id='word_1_288' title='bbox 1097 1159 1114 1180; x_wconf 88' lang='lat' dir='ltr'>a</span> <span class='ocrx_word' id='word_1_289' title='bbox 1134 1151 1327 1181; x_wconf 54' lang='lat' dir='ltr'>*veteribus*</span> <span class='ocrx_word' id='word_1_290' title='bbox 1348 1151 1484 1188; x_wconf 86' lang='lat' dir='ltr'>positum</span> <span class='ocrx_word' id='word_1_291' title='bbox 1502 1159 1594 1185; x_wconf 75' lang='lat' dir='ltr'>esse:</span> <span class='ocrx_word' id='word_1_292' title='bbox 1610 1155 1757 1181; x_wconf 85' lang='lat' dir='ltr'>auctores</span> 
     </span>
     <span class='ocr_line' id='line_1_27' title="bbox 74 1190 1757 1229; baseline -0.002 -5"><span class='ocrx_word' id='word_1_293' title='bbox 74 1191 392 1224; x_wconf 78' lang='lat' dir='ltr'>adferunti1r“Ennius</span> <span class='ocrx_word' id='word_1_294' title='bbox 408 1190 584 1229; x_wconf 84' lang='lat' dir='ltr'>Iphigenia“</span> <span class='ocrx_word' id='word_1_295' title='bbox 602 1194 632 1222; x_wconf 91' lang='lat' dir='ltr'>et</span> <span class='ocrx_word' id='word_1_296' title='bbox 646 1190 794 1222; x_wconf 81' lang='lat' dir='ltr'>“Clodius</span> <span class='ocrx_word' id='word_1_297' title='bbox 806 1191 1123 1222; x_wconf 80' lang='lat' dir='ltr'>commentariorum“.</span> <span class='ocrx_word' id='word_1_298' title='bbox 1140 1209 1169 1211; x_wconf 97' lang='lat'><strong>—</strong></span> <span class='ocrx_word' id='word_1_299' title='bbox 1189 1191 1227 1222; x_wconf 89' lang='lat' dir='ltr'>A.</span> <span class='ocrx_word' id='word_1_300' title='bbox 1238 1191 1257 1225; x_wconf 82' lang='lat' dir='ltr'>l,</span> <span class='ocrx_word' id='word_1_301' title='bbox 1275 1196 1331 1223; x_wconf 86' lang='lat'>108</span> <span class='ocrx_word' id='word_1_302' title='bbox 1345 1196 1442 1223; x_wconf 88' lang='lat' dir='ltr'>narrat</span> <span class='ocrx_word' id='word_1_303' title='bbox 1454 1191 1585 1223; x_wconf 90' lang='lat' dir='ltr'>Servius</span> <span class='ocrx_word' id='word_1_304' title='bbox 1601 1192 1757 1229; x_wconf 86' lang='lat' dir='ltr'>genuinus</span> 
     </span>
     <span class='ocr_line' id='line_1_28' title="bbox 74 1231 1759 1271; baseline -0.001 -7"><span class='ocrx_word' id='word_1_305' title='bbox 74 1242 154 1264; x_wconf 88' lang='lat' dir='ltr'>saxa</span> <span class='ocrx_word' id='word_1_306' title='bbox 177 1233 332 1271; x_wconf 89' lang='lat' dir='ltr'>quaedam</span> <span class='ocrx_word' id='word_1_307' title='bbox 356 1233 431 1263; x_wconf 91' lang='lat' dir='ltr'>inter</span> <span class='ocrx_word' id='word_1_308' title='bbox 453 1232 590 1263; x_wconf 75' lang='lat' dir='ltr'>Africam</span> <span class='ocrx_word' id='word_1_309' title='bbox 614 1237 643 1264; x_wconf 90' lang='lat' dir='ltr'>et</span> <span class='ocrx_word' id='word_1_310' title='bbox 666 1231 836 1264; x_wconf 87' lang='lat' dir='ltr'>Sardiniam</span> <span class='ocrx_word' id='word_1_311' title='bbox 860 1233 1013 1270; x_wconf 89' lang='lat' dir='ltr'>paululum</span> <span class='ocrx_word' id='word_1_312' title='bbox 1037 1241 1053 1263; x_wconf 92' lang='lat' dir='ltr'>e</span> <span class='ocrx_word' id='word_1_313' title='bbox 1077 1233 1149 1263; x_wconf 87' lang='lat' dir='ltr'>mari</span> <span class='ocrx_word' id='word_1_314' title='bbox 1174 1233 1319 1268; x_wconf 89' lang='lat' dir='ltr'>eminere,</span> <span class='ocrx_word' id='word_1_315' title='bbox 1348 1234 1388 1264; x_wconf 82' lang='lat' dir='ltr'>ab</span> <span class='ocrx_word' id='word_1_316' title='bbox 1412 1233 1491 1264; x_wconf 84' lang='lat' dir='ltr'>Italis</span> <span class='ocrx_word' id='word_1_317' title='bbox 1519 1234 1623 1263; x_wconf 65' lang='lat' dir='ltr'>&#39;aras‘v</span> <span class='ocrx_word' id='word_1_318' title='bbox 1650 1233 1759 1270; x_wconf 85' lang='lat' dir='ltr'>appel·</span> 
     </span>
     <span class='ocr_line' id='line_1_29' title="bbox 76 1273 1758 1312; baseline -0.001 -7"><span class='ocrx_word' id='word_1_319' title='bbox 76 1275 163 1310; x_wconf 90' lang='lat' dir='ltr'>latas,</span> <span class='ocrx_word' id='word_1_320' title='bbox 186 1274 273 1312; x_wconf 92' lang='lat' dir='ltr'>quod</span> <span class='ocrx_word' id='word_1_321' title='bbox 296 1274 337 1305; x_wconf 92' lang='lat' dir='ltr'>ibi</span> <span class='ocrx_word' id='word_1_322' title='bbox 359 1273 423 1304; x_wconf 81' lang='lat' dir='ltr'>Atti</span> <span class='ocrx_word' id='word_1_323' title='bbox 448 1277 477 1304; x_wconf 94' lang='lat' dir='ltr'>et</span> <span class='ocrx_word' id='word_1_324' title='bbox 501 1273 632 1306; x_wconf 79' lang='lat' dir='ltr'>Romani</span> <span class='ocrx_word' id='word_1_325' title='bbox 654 1274 782 1305; x_wconf 79' lang='lat' dir='ltr'>foedere</span> <span class='ocrx_word' id='word_1_326' title='bbox 809 1274 889 1304; x_wconf 79' lang='lat' dir='ltr'>iacto</span> <span class='ocrx_word' id='word_1_327' title='bbox 918 1273 1076 1310; x_wconf 89' lang='lat' dir='ltr'>utriusque</span> <span class='ocrx_word' id='word_1_328' title='bbox 1110 1274 1227 1311; x_wconf 89' lang='lat' dir='ltr'>imperii</span> <span class='ocrx_word' id='word_1_329' title='bbox 1265 1274 1343 1305; x_wconf 83' lang='lat' dir='ltr'>fines</span> <span class='ocrx_word' id='word_1_330' title='bbox 1382 1283 1458 1305; x_wconf 89' lang='lat' dir='ltr'>esse</span> <span class='ocrx_word' id='word_1_331' title='bbox 1496 1274 1657 1305; x_wconf 87' lang='lat' dir='ltr'>voluerint.</span> <span class='ocrx_word' id='word_1_332' title='bbox 1703 1273 1758 1304; x_wconf 77' lang='lat' dir='ltr'>nis</span> 
     </span>
     <span class='ocr_line' id='line_1_30' title="bbox 77 1314 1759 1352; baseline -0.001 -6"><span class='ocrx_word' id='word_1_333' title='bbox 77 1316 230 1346; x_wconf 89' lang='lat' dir='ltr'>adduntur</span> <span class='ocrx_word' id='word_1_334' title='bbox 252 1315 372 1346; x_wconf 89' lang='lat' dir='ltr'>scholia</span> <span class='ocrx_word' id='word_1_335' title='bbox 394 1315 550 1352; x_wconf 89' lang='lat' dir='ltr'>quaedam</span> <span class='ocrx_word' id='word_1_336' title='bbox 573 1315 694 1345; x_wconf 90' lang='lat' dir='ltr'>uncinis</span> <span class='ocrx_word' id='word_1_337' title='bbox 718 1315 837 1345; x_wconf 86' lang='lat' dir='ltr'>inclusa</span> <span class='ocrx_word' id='word_1_338' title='bbox 860 1318 889 1345; x_wconf 90' lang='lat' dir='ltr'>et</span> <span class='ocrx_word' id='word_1_339' title='bbox 911 1314 985 1344; x_wconf 88' lang='lat' dir='ltr'>inter</span> <span class='ocrx_word' id='word_1_340' title='bbox 1007 1322 1044 1345; x_wconf 92' lang='lat' dir='ltr'>se</span> <span class='ocrx_word' id='word_1_341' title='bbox 1070 1317 1099 1344; x_wconf 88' lang='lat' dir='ltr'>et</span> <span class='ocrx_word' id='word_1_342' title='bbox 1121 1323 1139 1344; x_wconf 86' lang='lat' dir='ltr'>a</span> <span class='ocrx_word' id='word_1_343' title='bbox 1162 1314 1274 1345; x_wconf 89' lang='lat' dir='ltr'>Servio</span> <span class='ocrx_word' id='word_1_344' title='bbox 1298 1316 1434 1349; x_wconf 85' lang='lat' dir='ltr'>diversa,</span> <span class='ocrx_word' id='word_1_345' title='bbox 1458 1324 1540 1352; x_wconf 87' lang='lat' dir='ltr'>quae</span> <span class='ocrx_word' id='word_1_346' title='bbox 1565 1315 1662 1345; x_wconf 87' lang='lat' dir='ltr'>tribus</span> <span class='ocrx_word' id='word_1_347' title='bbox 1685 1323 1759 1344; x_wconf 88' lang='lat' dir='ltr'>auc-</span> 
     </span>
     <span class='ocr_line' id='line_1_31' title="bbox 75 1355 1754 1393; baseline 0 -7"><span class='ocrx_word' id='word_1_348' title='bbox 75 1357 195 1387; x_wconf 87' lang='lat' dir='ltr'>toribus</span> <span class='ocrx_word' id='word_1_349' title='bbox 218 1356 326 1387; x_wconf 89' lang='lat' dir='ltr'>deberi</span> <span class='ocrx_word' id='word_1_350' title='bbox 349 1356 422 1386; x_wconf 92' lang='lat' dir='ltr'>inde</span> <span class='ocrx_word' id='word_1_351' title='bbox 444 1364 586 1393; x_wconf 88' lang='lat' dir='ltr'>auguror,</span> <span class='ocrx_word' id='word_1_352' title='bbox 610 1356 697 1393; x_wconf 90' lang='lat' dir='ltr'>quod</span> <span class='ocrx_word' id='word_1_353' title='bbox 722 1356 873 1386; x_wconf 89' lang='lat' dir='ltr'>enuntiata</span> <span class='ocrx_word' id='word_1_354' title='bbox 896 1356 943 1385; x_wconf 94' lang='lat' dir='ltr'>illa</span> <span class='ocrx_word' id='word_1_355' title='bbox 968 1355 1032 1385; x_wconf 72' lang='lat' dir='ltr'>“alii</span> <span class='ocrx_word' id='word_1_356' title='bbox 1056 1355 1177 1386; x_wconf 64' lang='lat' dir='ltr'>dicunt*</span> <span class='ocrx_word' id='word_1_357' title='bbox 1206 1356 1348 1393; x_wconf 69' lang='lat' dir='ltr'>‘quidam</span> <span class='ocrx_word' id='word_1_358' title='bbox 1372 1357 1508 1386; x_wconf 67' lang='lat' dir='ltr'>tradunt*</span> <span class='ocrx_word' id='word_1_359' title='bbox 1539 1356 1754 1386; x_wconf 67' lang='grc' dir='ltr'>“31ἰίνοεειι]ῐ“</span> 
     </span>
     <span class='ocr_line' id='line_1_32' title="bbox 76 1395 1757 1434; baseline 0 -7"><span class='ocrx_word' id='word_1_360' title='bbox 76 1397 117 1427; x_wconf 92' lang='lat' dir='ltr'>ibi</span> <span class='ocrx_word' id='word_1_361' title='bbox 140 1397 295 1434; x_wconf 89' lang='lat' dir='ltr'>deinceps</span> <span class='ocrx_word' id='word_1_362' title='bbox 318 1397 468 1434; x_wconf 87' lang='lat' dir='ltr'>leguntur.</span> <span class='ocrx_word' id='word_1_363' title='bbox 512 1396 691 1427; x_wconf 88' lang='lat' dir='ltr'>Laudantur</span> <span class='ocrx_word' id='word_1_364' title='bbox 711 1400 814 1427; x_wconf 90' lang='lat' dir='ltr'>autem</span> <span class='ocrx_word' id='word_1_365' title='bbox 840 1395 1006 1427; x_wconf 83' lang='lat' dir='ltr'>“Claudius</span> <span class='ocrx_word' id='word_1_366' title='bbox 1030 1395 1253 1433; x_wconf 80' lang='lat' dir='ltr'>Quadrigarius</span> <span class='ocrx_word' id='word_1_367' title='bbox 1277 1397 1296 1427; x_wconf 95' lang='lat' dir='ltr'>l.</span> <span class='ocrx_word' id='word_1_368' title='bbox 1319 1397 1500 1427; x_wconf 62' lang='lat' dir='ltr'>Annalium*</span> <span class='ocrx_word' id='word_1_369' title='bbox 1529 1401 1558 1427; x_wconf 93' lang='lat' dir='ltr'>et</span> <span class='ocrx_word' id='word_1_370' title='bbox 1578 1396 1692 1426; x_wconf 79' lang='lat' dir='ltr'>“Varro</span> <span class='ocrx_word' id='word_1_371' title='bbox 1717 1397 1757 1427; x_wconf 85' lang='lat' dir='ltr'>de</span> 
     </span>
     <span class='ocr_line' id='line_1_33' title="bbox 73 1436 1757 1475; baseline -0.001 -6"><span class='ocrx_word' id='word_1_372' title='bbox 73 1445 130 1469; x_wconf 90' lang='lat' dir='ltr'>ora</span> <span class='ocrx_word' id='word_1_373' title='bbox 153 1437 300 1469; x_wconf 89' lang='lat' dir='ltr'>maritima</span> <span class='ocrx_word' id='word_1_374' title='bbox 322 1437 372 1469; x_wconf 94' lang='lat' dir='ltr'>lib.</span> <span class='ocrx_word' id='word_1_375' title='bbox 395 1436 432 1468; x_wconf 82' lang='lat' dir='ltr'>I.“</span> <span class='ocrx_word' id='word_1_376' title='bbox 464 1454 494 1457; x_wconf 97' lang='lat'><strong>—</strong></span> <span class='ocrx_word' id='word_1_377' title='bbox 522 1437 571 1474; x_wconf 88' lang='lat' dir='ltr'>[A.</span> <span class='ocrx_word' id='word_1_378' title='bbox 595 1437 631 1473; x_wconf 83' lang='lat' dir='ltr'>V,</span> <span class='ocrx_word' id='word_1_379' title='bbox 655 1436 705 1474; x_wconf 84' lang='lat'>40]</span> <span class='ocrx_word' id='word_1_380' title='bbox 740 1437 780 1469; x_wconf 94' lang='lat' dir='ltr'>de</span> <span class='ocrx_word' id='word_1_381' title='bbox 803 1436 1028 1475; x_wconf 78' lang='lat' dir='ltr'>significatione</span> <span class='ocrx_word' id='word_1_382' title='bbox 1061 1437 1149 1468; x_wconf 91' lang='lat' dir='ltr'>verbi</span> <span class='ocrx_word' id='word_1_383' title='bbox 1187 1437 1327 1475; x_wconf 70' lang='lat' dir='ltr'>‘gratari“</span> <span class='ocrx_word' id='word_1_384' title='bbox 1364 1438 1470 1475; x_wconf 73' lang='lat' dir='ltr'>agitur.</span> <span class='ocrx_word' id='word_1_385' title='bbox 1517 1437 1693 1468; x_wconf 73' lang='lat' dir='ltr'>“Pacuvius</span> <span class='ocrx_word' id='word_1_386' title='bbox 1729 1438 1757 1467; x_wconf 93' lang='lat' dir='ltr'>in</span> 
     </span>
     <span class='ocr_line' id='line_1_34' title="bbox 76 1478 1758 1517; baseline -0.001 -7"><span class='ocrx_word' id='word_1_387' title='bbox 76 1478 259 1511; x_wconf 82' lang='lat' dir='ltr'>Hermiona“</span> <span class='ocrx_word' id='word_1_388' title='bbox 287 1483 317 1510; x_wconf 93' lang='lat' dir='ltr'>et</span> <span class='ocrx_word' id='word_1_389' title='bbox 342 1479 479 1510; x_wconf 87' lang='lat' dir='ltr'>“Accius</span> <span class='ocrx_word' id='word_1_390' title='bbox 503 1478 682 1517; x_wconf 85' lang='lat' dir='ltr'>Pelopidis“</span> <span class='ocrx_word' id='word_1_391' title='bbox 709 1487 748 1509; x_wconf 90' lang='lat' dir='ltr'>eo</span> <span class='ocrx_word' id='word_1_392' title='bbox 770 1479 871 1510; x_wconf 93' lang='lat' dir='ltr'>verbo</span> <span class='ocrx_word' id='word_1_393' title='bbox 892 1478 940 1509; x_wconf 91' lang='lat' dir='ltr'>usi</span> <span class='ocrx_word' id='word_1_394' title='bbox 964 1486 1040 1509; x_wconf 88' lang='lat' dir='ltr'>esse</span> <span class='ocrx_word' id='word_1_395' title='bbox 1064 1479 1212 1510; x_wconf 88' lang='lat' dir='ltr'>dicuntur.</span> <span class='ocrx_word' id='word_1_396' title='bbox 1241 1497 1271 1500; x_wconf 82' lang='lat'><em>-</em></span> <span class='ocrx_word' id='word_1_397' title='bbox 1299 1479 1347 1516; x_wconf 88' lang='lat' dir='ltr'>[A.</span> <span class='ocrx_word' id='word_1_398' title='bbox 1372 1479 1420 1515; x_wconf 80' lang='lat' dir='ltr'>xl,</span> <span class='ocrx_word' id='word_1_399' title='bbox 1449 1479 1515 1515; x_wconf 77' lang='lat'>169}</span> <span class='ocrx_word' id='word_1_400' title='bbox 1540 1479 1619 1510; x_wconf 86' lang='lat' dir='ltr'>haec</span> <span class='ocrx_word' id='word_1_401' title='bbox 1642 1478 1758 1509; x_wconf 87' lang='lat' dir='ltr'>haben-</span> 
     </span>
     <span class='ocr_line' id='line_1_35' title="bbox 74 1520 1759 1557; baseline -0.001 -7"><span class='ocrx_word' id='word_1_402' title='bbox 74 1524 137 1550; x_wconf 90' lang='lat' dir='ltr'>tur:</span> <span class='ocrx_word' id='word_1_403' title='bbox 164 1521 257 1551; x_wconf 76' lang='lat' dir='ltr'>“Alii“</span> <span class='ocrx_word' id='word_1_404' title='bbox 284 1520 447 1557; x_wconf 82' lang='lat' dir='ltr'>“dignem“</span> <span class='ocrx_word' id='word_1_405' title='bbox 474 1521 579 1557; x_wconf 85' lang='lat' dir='ltr'>legunt</span> <span class='ocrx_word' id='word_1_406' title='bbox 600 1520 682 1550; x_wconf 89' lang='lat' dir='ltr'>iuxta</span> <span class='ocrx_word' id='word_1_407' title='bbox 708 1520 869 1550; x_wconf 70' lang='lat' dir='ltr'>“veteres“</span> <span class='ocrx_word' id='word_1_408' title='bbox 894 1520 934 1549; x_wconf 91' lang='lat' dir='ltr'>ab</span> <span class='ocrx_word' id='word_1_409' title='bbox 958 1520 1086 1556; x_wconf 92' lang='lat' dir='ltr'>eoquod</span> <span class='ocrx_word' id='word_1_410' title='bbox 1111 1524 1159 1550; x_wconf 90' lang='lat' dir='ltr'>est</span> <span class='ocrx_word' id='word_1_411' title='bbox 1190 1521 1332 1557; x_wconf 57' lang='lat' dir='ltr'>*digno-p</span> <span class='ocrx_word' id='word_1_412' title='bbox 1359 1520 1513 1551; x_wconf 67' lang='lat' dir='ltr'>‘Calvus‘</span> <span class='ocrx_word' id='word_1_413' title='bbox 1534 1524 1563 1551; x_wconf 90' lang='lat' dir='ltr'>et</span> <span class='ocrx_word' id='word_1_414' title='bbox 1580 1520 1759 1554; x_wconf 77' lang='lat' dir='ltr'>„Pacuvius</span> 
     </span>
     <span class='ocr_line' id='line_1_36' title="bbox 74 1559 1760 1598; baseline -0.001 -6"><span class='ocrx_word' id='word_1_415' title='bbox 74 1560 105 1591; x_wconf 88' lang='lat' dir='ltr'>in</span> <span class='ocrx_word' id='word_1_416' title='bbox 129 1561 315 1592; x_wconf 78' lang='lat' dir='ltr'>Hermione“</span> <span class='ocrx_word' id='word_1_417' title='bbox 338 1561 389 1595; x_wconf 78' lang='lat' dir='ltr'>(ci.</span> <span class='ocrx_word' id='word_1_418' title='bbox 412 1568 507 1597; x_wconf 87' lang='lat' dir='ltr'>supra</span> <span class='ocrx_word' id='word_1_419' title='bbox 529 1560 558 1590; x_wconf 90' lang='lat' dir='ltr'>in</span> <span class='ocrx_word' id='word_1_420' title='bbox 585 1559 801 1595; x_wconf 79' lang='lat' dir='ltr'>“Hermiona“)</span> <span class='ocrx_word' id='word_1_421' title='bbox 825 1560 854 1590; x_wconf 93' lang='lat' dir='ltr'>in</span> <span class='ocrx_word' id='word_1_422' title='bbox 869 1560 1079 1590; x_wconf 89' lang='lat' dir='ltr'>testimonium</span> <span class='ocrx_word' id='word_1_423' title='bbox 1102 1565 1261 1591; x_wconf 86' lang='lat' dir='ltr'>vocantur.</span> <span class='ocrx_word' id='word_1_424' title='bbox 1305 1560 1436 1591; x_wconf 88' lang='lat' dir='ltr'>Servius</span> <span class='ocrx_word' id='word_1_425' title='bbox 1461 1561 1530 1598; x_wconf 90' lang='lat' dir='ltr'>ipse</span> <span class='ocrx_word' id='word_1_426' title='bbox 1554 1561 1666 1591; x_wconf 89' lang='lat' dir='ltr'>nullam</span> <span class='ocrx_word' id='word_1_427' title='bbox 1692 1561 1760 1590; x_wconf 88' lang='lat' dir='ltr'>eius</span> 
     </span>
     <span class='ocr_line' id='line_1_37' title="bbox 74 1600 1761 1639; baseline 0 -7"><span class='ocrx_word' id='word_1_428' title='bbox 74 1603 163 1634; x_wconf 93' lang='lat' dir='ltr'>verbi</span> <span class='ocrx_word' id='word_1_429' title='bbox 186 1602 376 1633; x_wconf 90' lang='lat' dir='ltr'>mentionem</span> <span class='ocrx_word' id='word_1_430' title='bbox 399 1601 479 1632; x_wconf 79' lang='lat' dir='ltr'>facit.</span> <span class='ocrx_word' id='word_1_431' title='bbox 507 1618 538 1621; x_wconf 97' lang='lat'><strong>—</strong></span> <span class='ocrx_word' id='word_1_432' title='bbox 566 1600 694 1639; x_wconf 86' lang='lat' dir='ltr'>[Georg.</span> <span class='ocrx_word' id='word_1_433' title='bbox 718 1600 736 1637; x_wconf 91' lang='lat' dir='ltr'>l,</span> <span class='ocrx_word' id='word_1_434' title='bbox 760 1600 829 1637; x_wconf 91' lang='lat'><strong>266]</strong></span> <span class='ocrx_word' id='word_1_435' title='bbox 853 1601 893 1632; x_wconf 91' lang='lat' dir='ltr'>de</span> <span class='ocrx_word' id='word_1_436' title='bbox 920 1600 1063 1631; x_wconf 68' lang='lat' dir='ltr'>“fiscina‘</span> <span class='ocrx_word' id='word_1_437' title='bbox 1101 1610 1185 1632; x_wconf 89' lang='lat' dir='ltr'>voce</span> <span class='ocrx_word' id='word_1_438' title='bbox 1219 1602 1388 1633; x_wconf 85' lang='lat' dir='ltr'>disseritur.</span> <span class='ocrx_word' id='word_1_439' title='bbox 1438 1602 1614 1633; x_wconf 86' lang='lat' dir='ltr'>Laudamur</span> <span class='ocrx_word' id='word_1_440' title='bbox 1651 1601 1761 1632; x_wconf 68' lang='lat' dir='ltr'>*Luci-</span> 
     </span>
     <span class='ocr_line' id='line_1_38' title="bbox 73 1642 1761 1681; baseline 0 -6"><span class='ocrx_word' id='word_1_441' title='bbox 73 1643 134 1675; x_wconf 84' lang='lat' dir='ltr'>lius</span> <span class='ocrx_word' id='word_1_442' title='bbox 158 1644 187 1675; x_wconf 92' lang='lat' dir='ltr'>in</span> <span class='ocrx_word' id='word_1_443' title='bbox 210 1643 334 1681; x_wconf 81' lang='lat' dir='ltr'>quinto“</span> <span class='ocrx_word' id='word_1_444' title='bbox 364 1642 504 1674; x_wconf 85' lang='lat' dir='ltr'>“Novius</span> <span class='ocrx_word' id='word_1_445' title='bbox 527 1642 556 1673; x_wconf 93' lang='lat' dir='ltr'>in</span> <span class='ocrx_word' id='word_1_446' title='bbox 578 1642 799 1674; x_wconf 84' lang='lat' dir='ltr'>Andromeda“</span> <span class='ocrx_word' id='word_1_447' title='bbox 829 1642 972 1674; x_wconf 86' lang='lat' dir='ltr'>“Plautus</span> <span class='ocrx_word' id='word_1_448' title='bbox 995 1642 1025 1673; x_wconf 91' lang='lat' dir='ltr'>in</span> <span class='ocrx_word' id='word_1_449' title='bbox 1048 1642 1254 1674; x_wconf 86' lang='lat' dir='ltr'>Mercatore“.</span> <span class='ocrx_word' id='word_1_450' title='bbox 1284 1661 1313 1664; x_wconf 39' lang='grc' dir='ltr'><strong><em>ψ</em></strong></span> <span class='ocrx_word' id='word_1_451' title='bbox 1341 1643 1390 1680; x_wconf 89' lang='grc' dir='ltr'>ΙΑ.</span> <span class='ocrx_word' id='word_1_452' title='bbox 1408 1643 1469 1679; x_wconf 80' lang='grc' dir='ltr'>ΧΠ,</span> <span class='ocrx_word' id='word_1_453' title='bbox 1498 1643 1564 1680; x_wconf 76' lang='lat'>121]</span> <span class='ocrx_word' id='word_1_454' title='bbox 1586 1643 1761 1681; x_wconf 87' lang='lat' dir='ltr'>Quaeritur.</span> 
     </span>
     <span class='ocr_line' id='line_1_39' title="bbox 76 1683 1762 1722; baseline -0.001 -6"><span class='ocrx_word' id='word_1_455' title='bbox 76 1693 131 1716; x_wconf 91' lang='lat' dir='ltr'>cur</span> <span class='ocrx_word' id='word_1_456' title='bbox 154 1689 183 1716; x_wconf 88' lang='lat' dir='ltr'>et</span> <span class='ocrx_word' id='word_1_457' title='bbox 205 1685 288 1716; x_wconf 92' lang='lat' dir='ltr'>unde</span> <span class='ocrx_word' id='word_1_458' title='bbox 311 1684 450 1716; x_wconf 90' lang='lat' dir='ltr'>dicantur</span> <span class='ocrx_word' id='word_1_459' title='bbox 475 1684 585 1722; x_wconf 83' lang='lat' dir='ltr'>“pilata</span> <span class='ocrx_word' id='word_1_460' title='bbox 606 1684 760 1722; x_wconf 88' lang='lat' dir='ltr'>agmina“.</span> <span class='ocrx_word' id='word_1_461' title='bbox 806 1683 920 1715; x_wconf 89' lang='lat' dir='ltr'>Dicitur</span> <span class='ocrx_word' id='word_1_462' title='bbox 942 1687 1045 1715; x_wconf 86' lang='lat' dir='ltr'>autem</span> <span class='ocrx_word' id='word_1_463' title='bbox 1068 1684 1159 1722; x_wconf 88' lang='lat' dir='ltr'>pilata</span> <span class='ocrx_word' id='word_1_464' title='bbox 1183 1693 1258 1716; x_wconf 90' lang='lat' dir='ltr'>esse</span> <span class='ocrx_word' id='word_1_465' title='bbox 1282 1685 1342 1716; x_wconf 77' lang='lat' dir='ltr'>fixa</span> <span class='ocrx_word' id='word_1_466' title='bbox 1367 1690 1396 1716; x_wconf 89' lang='lat' dir='ltr'>et</span> <span class='ocrx_word' id='word_1_467' title='bbox 1429 1685 1561 1719; x_wconf 77' lang='lat' dir='ltr'>stabilia,</span> <span class='ocrx_word' id='word_1_468' title='bbox 1595 1685 1684 1716; x_wconf 87' lang='lat' dir='ltr'>cuius</span> <span class='ocrx_word' id='word_1_469' title='bbox 1721 1685 1762 1715; x_wconf 89' lang='lat' dir='ltr'>rei</span> 
     </span>
     <span class='ocr_line' id='line_1_40' title="bbox 73 1724 1759 1763; baseline -0.001 -6"><span class='ocrx_word' id='word_1_470' title='bbox 73 1729 176 1757; x_wconf 87' lang='lat' dir='ltr'>testes</span> <span class='ocrx_word' id='word_1_471' title='bbox 199 1726 374 1757; x_wconf 80' lang='lat' dir='ltr'>adferuntur</span> <span class='ocrx_word' id='word_1_472' title='bbox 392 1725 527 1756; x_wconf 82' lang='lat' dir='ltr'>“Ennius</span> <span class='ocrx_word' id='word_1_473' title='bbox 551 1729 722 1756; x_wconf 89' lang='lat' dir='ltr'>saturarum</span> <span class='ocrx_word' id='word_1_474' title='bbox 744 1725 793 1756; x_wconf 86' lang='lat' dir='ltr'>Il.“</span> <span class='ocrx_word' id='word_1_475' title='bbox 817 1725 963 1756; x_wconf 78' lang='lat' dir='ltr'>“Hostius</span> <span class='ocrx_word' id='word_1_476' title='bbox 987 1725 1058 1755; x_wconf 90' lang='lat' dir='ltr'>belli</span> <span class='ocrx_word' id='word_1_477' title='bbox 1075 1725 1196 1756; x_wconf 80' lang='lat' dir='ltr'>Histrici</span> <span class='ocrx_word' id='word_1_478' title='bbox 1222 1724 1368 1763; x_wconf 61' lang='lat' dir='ltr'>primo‘ssi</span> <span class='ocrx_word' id='word_1_479' title='bbox 1392 1727 1531 1757; x_wconf 69' lang='lat' dir='ltr'>‘Asellio</span> <span class='ocrx_word' id='word_1_480' title='bbox 1547 1727 1759 1757; x_wconf 75' lang='lat' dir='ltr'>historiarum·</span> 
     </span>
    </p>
   </div>
   <div class='ocr_carea' id='block_1_4' title="bbox 73 1805 1771 2434">
    <p class='ocr_par' dir='ltr' id='par_1_6' title="bbox 73 1805 1767 1964">
     <span class='ocr_line' id='line_1_41' title="bbox 224 1805 1767 1838; baseline 0 -9"><span class='ocrx_word' id='word_1_481' title='bbox 224 1805 243 1837; x_wconf 88' lang='lat'>¹)</span> <span class='ocrx_word' id='word_1_482' title='bbox 261 1806 340 1834; x_wconf 80' lang='lat' dir='ltr'>Thilo,</span> <span class='ocrx_word' id='word_1_483' title='bbox 358 1807 393 1829; x_wconf 90' lang='lat' dir='ltr'>vir</span> <span class='ocrx_word' id='word_1_484' title='bbox 411 1807 441 1829; x_wconf 89' lang='lat' dir='ltr'>de</span> <span class='ocrx_word' id='word_1_485' title='bbox 459 1814 498 1830; x_wconf 88' lang='lat' dir='ltr'>me</span> <span class='ocrx_word' id='word_1_486' title='bbox 516 1807 606 1836; x_wconf 82' lang='lat' dir='ltr'>optime</span> <span class='ocrx_word' id='word_1_487' title='bbox 624 1807 730 1835; x_wconf 84' lang='lat' dir='ltr'>meritus,</span> <span class='ocrx_word' id='word_1_488' title='bbox 748 1807 814 1830; x_wconf 86' lang='lat' dir='ltr'>cuius</span> <span class='ocrx_word' id='word_1_489' title='bbox 831 1806 968 1829; x_wconf 85' lang='lat' dir='ltr'>memoriam</span> <span class='ocrx_word' id='word_1_490' title='bbox 985 1806 1027 1836; x_wconf 85' lang='lat' dir='ltr'>pio</span> <span class='ocrx_word' id='word_1_491' title='bbox 1051 1810 1167 1836; x_wconf 81' lang='lat' dir='ltr'>gratoque</span> <span class='ocrx_word' id='word_1_492' title='bbox 1195 1807 1275 1829; x_wconf 77' lang='lat' dir='ltr'>animo</span> <span class='ocrx_word' id='word_1_493' title='bbox 1294 1815 1389 1837; x_wconf 84' lang='lat' dir='ltr'>semper</span> <span class='ocrx_word' id='word_1_494' title='bbox 1407 1814 1548 1838; x_wconf 78' lang='lat' dir='ltr'>prosequar,</span> <span class='ocrx_word' id='word_1_495' title='bbox 1577 1808 1663 1830; x_wconf 81' lang='lat' dir='ltr'>abhinc</span> <span class='ocrx_word' id='word_1_496' title='bbox 1692 1815 1767 1829; x_wconf 82' lang='lat' dir='ltr'>annos</span> 
     </span>
     <span class='ocr_line' id='line_1_42' title="bbox 75 1839 1767 1870; baseline 0 -8"><span class='ocrx_word' id='word_1_497' title='bbox 75 1847 153 1870; x_wconf 82' lang='lat' dir='ltr'>prope</span> <span class='ocrx_word' id='word_1_498' title='bbox 171 1840 274 1869; x_wconf 82' lang='lat' dir='ltr'>triginta.</span> <span class='ocrx_word' id='word_1_499' title='bbox 291 1847 345 1862; x_wconf 87' lang='lat' dir='ltr'>cnm</span> <span class='ocrx_word' id='word_1_500' title='bbox 362 1847 411 1862; x_wconf 90' lang='lat' dir='ltr'>non</span> <span class='ocrx_word' id='word_1_501' title='bbox 429 1840 551 1868; x_wconf 72' lang='lat' dir='ltr'>ignoraret</span> <span class='ocrx_word' id='word_1_502' title='bbox 569 1847 607 1862; x_wconf 89' lang='lat' dir='ltr'>me</span> <span class='ocrx_word' id='word_1_503' title='bbox 625 1841 648 1862; x_wconf 89' lang='lat' dir='ltr'>in</span> <span class='ocrx_word' id='word_1_504' title='bbox 667 1840 781 1863; x_wconf 81' lang='lat' dir='ltr'>laudandi</span> <span class='ocrx_word' id='word_1_505' title='bbox 798 1840 912 1862; x_wconf 77' lang='lat' dir='ltr'>rationem</span> <span class='ocrx_word' id='word_1_506' title='bbox 930 1843 953 1861; x_wconf 89' lang='lat' dir='ltr'>et</span> <span class='ocrx_word' id='word_1_507' title='bbox 964 1839 1071 1861; x_wconf 79' lang='lat' dir='ltr'>Serviani</span> <span class='ocrx_word' id='word_1_508' title='bbox 1089 1844 1112 1862; x_wconf 86' lang='lat' dir='ltr'>et</span> <span class='ocrx_word' id='word_1_509' title='bbox 1129 1841 1266 1869; x_wconf 87' lang='lat' dir='ltr'>interpolati</span> <span class='ocrx_word' id='word_1_510' title='bbox 1284 1842 1450 1863; x_wconf 83' lang='lat' dir='ltr'>commentarii</span> <span class='ocrx_word' id='word_1_511' title='bbox 1465 1842 1586 1870; x_wconf 78' lang='lat' dir='ltr'>propriam</span> <span class='ocrx_word' id='word_1_512' title='bbox 1604 1841 1767 1870; x_wconf 56' lang='lat' dir='ltr'>inquisivisse.</span> 
     </span>
     <span class='ocr_line' id='line_1_43' title="bbox 74 1872 1759 1903; baseline -0.001 -7"><span class='ocrx_word' id='word_1_513' title='bbox 74 1880 113 1896; x_wconf 85' lang='lat' dir='ltr'>me</span> <span class='ocrx_word' id='word_1_514' title='bbox 130 1880 160 1896; x_wconf 79' lang='lat' dir='ltr'>ea</span> <span class='ocrx_word' id='word_1_515' title='bbox 176 1880 237 1903; x_wconf 82' lang='lat' dir='ltr'>quae</span> <span class='ocrx_word' id='word_1_516' title='bbox 256 1873 399 1895; x_wconf 75' lang='lat' dir='ltr'>invenissem</span> <span class='ocrx_word' id='word_1_517' title='bbox 415 1879 469 1896; x_wconf 85' lang='lat' dir='ltr'>eum</span> <span class='ocrx_word' id='word_1_518' title='bbox 486 1873 563 1896; x_wconf 79' lang='lat' dir='ltr'>doctis</span> <span class='ocrx_word' id='word_1_519' title='bbox 579 1873 714 1896; x_wconf 84' lang='lat' dir='ltr'>hominibus</span> <span class='ocrx_word' id='word_1_520' title='bbox 738 1873 963 1896; x_wconf 79' lang='lat' dir='ltr'>communicaturum</span> <span class='ocrx_word' id='word_1_521' title='bbox 979 1879 1032 1894; x_wconf 87' lang='lat' dir='ltr'>esse</span> <span class='ocrx_word' id='word_1_522' title='bbox 1049 1872 1160 1901; x_wconf 78' lang='lat' dir='ltr'>sperabat</span> <span class='ocrx_word' id='word_1_523' title='bbox 1177 1873 1220 1901; x_wconf 88' lang='lat' dir='ltr'>(cf.</span> <span class='ocrx_word' id='word_1_524' title='bbox 1240 1873 1316 1898; x_wconf 73' lang='lat' dir='ltr'>Praef.</span> <span class='ocrx_word' id='word_1_525' title='bbox 1335 1881 1358 1903; x_wconf 85' lang='lat' dir='ltr'>p.</span> <span class='ocrx_word' id='word_1_526' title='bbox 1376 1874 1503 1903; x_wconf 78' lang='lat' dir='ltr'><strong>XXXIV).</strong></span> <span class='ocrx_word' id='word_1_527' title='bbox 1538 1875 1569 1896; x_wconf 81' lang='lat' dir='ltr'>At</span> <span class='ocrx_word' id='word_1_528' title='bbox 1588 1875 1673 1896; x_wconf 85' lang='lat' dir='ltr'>morbo</span> <span class='ocrx_word' id='word_1_529' title='bbox 1692 1874 1759 1902; x_wconf 78' lang='lat' dir='ltr'>gravi</span> 
     </span>
     <span class='ocr_line' id='line_1_44' title="bbox 74 1905 1767 1937; baseline -0.001 -8"><span class='ocrx_word' id='word_1_530' title='bbox 74 1906 174 1937; x_wconf 81' lang='lat' dir='ltr'>aliisque</span> <span class='ocrx_word' id='word_1_531' title='bbox 191 1906 304 1936; x_wconf 81' lang='lat' dir='ltr'>angustiis</span> <span class='ocrx_word' id='word_1_532' title='bbox 321 1907 447 1937; x_wconf 80' lang='lat' dir='ltr'>quominus</span> <span class='ocrx_word' id='word_1_533' title='bbox 465 1913 515 1929; x_wconf 87' lang='lat' dir='ltr'>rem</span> <span class='ocrx_word' id='word_1_534' title='bbox 539 1910 588 1930; x_wconf 87' lang='lat' dir='ltr'>turn</span> <span class='ocrx_word' id='word_1_535' title='bbox 606 1906 740 1930; x_wconf 78' lang='lat' dir='ltr'>incohatam</span> <span class='ocrx_word' id='word_1_536' title='bbox 758 1906 906 1929; x_wconf 82' lang='lat' dir='ltr'>absolverem</span> <span class='ocrx_word' id='word_1_537' title='bbox 923 1905 1049 1935; x_wconf 82' lang='lat' dir='ltr'>impeditus</span> <span class='ocrx_word' id='word_1_538' title='bbox 1067 1913 1126 1931; x_wconf 85' lang='lat' dir='ltr'>sum.</span> <span class='ocrx_word' id='word_1_539' title='bbox 1162 1907 1216 1929; x_wconf 86' lang='lat' dir='ltr'>Huc</span> <span class='ocrx_word' id='word_1_540' title='bbox 1234 1907 1337 1935; x_wconf 84' lang='lat' dir='ltr'>accedit,</span> <span class='ocrx_word' id='word_1_541' title='bbox 1359 1908 1425 1937; x_wconf 89' lang='lat' dir='ltr'>quod</span> <span class='ocrx_word' id='word_1_542' title='bbox 1444 1915 1486 1936; x_wconf 82' lang='lat' dir='ltr'>per</span> <span class='ocrx_word' id='word_1_543' title='bbox 1500 1907 1591 1937; x_wconf 84' lang='lat' dir='ltr'>aliquot</span> <span class='ocrx_word' id='word_1_544' title='bbox 1608 1914 1683 1930; x_wconf 80' lang='lat' dir='ltr'>annos</span> <span class='ocrx_word' id='word_1_545' title='bbox 1704 1912 1767 1929; x_wconf 83' lang='lat' dir='ltr'>totus</span> 
     </span>
     <span class='ocr_line' id='line_1_45' title="bbox 73 1940 429 1964; baseline 0.006 -2"><span class='ocrx_word' id='word_1_546' title='bbox 73 1940 128 1963; x_wconf 68' lang='lat' dir='ltr'>aliis</span> <span class='ocrx_word' id='word_1_547' title='bbox 145 1940 228 1963; x_wconf 85' lang='lat' dir='ltr'>studiis</span> <span class='ocrx_word' id='word_1_548' title='bbox 246 1940 339 1963; x_wconf 88' lang='lat' dir='ltr'>deditus</span> <span class='ocrx_word' id='word_1_549' title='bbox 357 1948 429 1964; x_wconf 88' lang='lat' dir='ltr'>eram.</span> 
     </span>
    </p>

    <p class='ocr_par' dir='ltr' id='par_1_7' title="bbox 74 1972 1767 2036">
     <span class='ocr_line' id='line_1_46' title="bbox 224 1972 1767 2003; baseline -0.001 -7"><span class='ocrx_word' id='word_1_550' title='bbox 224 1972 246 2002; x_wconf 82' lang='grc'>2)</span> <span class='ocrx_word' id='word_1_551' title='bbox 264 1974 342 1996; x_wconf 84' lang='lat' dir='ltr'>Etiam</span> <span class='ocrx_word' id='word_1_552' title='bbox 360 1974 384 1996; x_wconf 89' lang='lat' dir='ltr'>in</span> <span class='ocrx_word' id='word_1_553' title='bbox 406 1974 451 1996; x_wconf 79' lang='lat' dir='ltr'>hac</span> <span class='ocrx_word' id='word_1_554' title='bbox 475 1974 640 1996; x_wconf 75' lang='lat' dir='ltr'>dissertatione</span> <span class='ocrx_word' id='word_1_555' title='bbox 665 1980 748 1996; x_wconf 88' lang='lat' dir='ltr'>omnes</span> <span class='ocrx_word' id='word_1_556' title='bbox 770 1974 817 1996; x_wconf 89' lang='lat' dir='ltr'>loci</span> <span class='ocrx_word' id='word_1_557' title='bbox 842 1972 955 2002; x_wconf 84' lang='lat' dir='ltr'>plenioris</span> <span class='ocrx_word' id='word_1_558' title='bbox 979 1973 1143 1995; x_wconf 79' lang='lat' dir='ltr'>commentarii</span> <span class='ocrx_word' id='word_1_559' title='bbox 1170 1974 1236 1996; x_wconf 84' lang='lat' dir='ltr'>uncis</span> <span class='ocrx_word' id='word_1_560' title='bbox 1259 1974 1343 1996; x_wconf 86' lang='lat' dir='ltr'>inclusi</span> <span class='ocrx_word' id='word_1_561' title='bbox 1366 1978 1428 2001; x_wconf 85' lang='lat' dir='ltr'>sunt,</span> <span class='ocrx_word' id='word_1_562' title='bbox 1458 1975 1522 2003; x_wconf 86' lang='lat' dir='ltr'>quod</span> <span class='ocrx_word' id='word_1_563' title='bbox 1549 1975 1691 2002; x_wconf 75' lang='lat' dir='ltr'>typothetae</span> <span class='ocrx_word' id='word_1_564' title='bbox 1718 1980 1767 1995; x_wconf 83' lang='lat' dir='ltr'>non</span> 
     </span>
     <span class='ocr_line' id='line_1_47' title="bbox 74 2005 685 2036; baseline 0.003 -9"><span class='ocrx_word' id='word_1_565' title='bbox 74 2005 134 2028; x_wconf 81' lang='lat' dir='ltr'>satis</span> <span class='ocrx_word' id='word_1_566' title='bbox 151 2006 238 2028; x_wconf 82' lang='lat' dir='ltr'>multae</span> <span class='ocrx_word' id='word_1_567' title='bbox 255 2006 348 2029; x_wconf 74' lang='lat' dir='ltr'>litterae</span> <span class='ocrx_word' id='word_1_568' title='bbox 366 2007 490 2030; x_wconf 82' lang='lat' dir='ltr'>inclinatae</span> <span class='ocrx_word' id='word_1_569' title='bbox 507 2010 604 2036; x_wconf 82' lang='lat' dir='ltr'>praesto</span> <span class='ocrx_word' id='word_1_570' title='bbox 622 2011 685 2030; x_wconf 81' lang='lat' dir='ltr'>sunt.</span> 
     </span>
    </p>

    <p class='ocr_par' dir='ltr' id='par_1_8' title="bbox 73 2036 1771 2434">
     <span class='ocr_line' id='line_1_48' title="bbox 224 2036 1763 2068; baseline -0.001 -7"><span class='ocrx_word' id='word_1_571' title='bbox 224 2036 246 2065; x_wconf 73' lang='lat'>³¹</span> <span class='ocrx_word' id='word_1_572' title='bbox 264 2039 394 2062; x_wconf 84' lang='lat' dir='ltr'>Teuffelius</span> <span class='ocrx_word' id='word_1_573' title='bbox 412 2043 436 2063; x_wconf 92' lang='lat' dir='ltr'>et</span> <span class='ocrx_word' id='word_1_574' title='bbox 453 2040 577 2068; x_wconf 80' lang='lat' dir='ltr'>Schwabe,</span> <span class='ocrx_word' id='word_1_575' title='bbox 595 2040 638 2063; x_wconf 86' lang='lat' dir='ltr'>viri</span> <span class='ocrx_word' id='word_1_576' title='bbox 660 2039 817 2067; x_wconf 73' lang='lat' dir='ltr'>illustrissimi,</span> <span class='ocrx_word' id='word_1_577' title='bbox 835 2046 889 2061; x_wconf 90' lang='lat' dir='ltr'>cum</span> <span class='ocrx_word' id='word_1_578' title='bbox 914 2039 944 2061; x_wconf 89' lang='lat' dir='ltr'>de</span> <span class='ocrx_word' id='word_1_579' title='bbox 962 2038 1051 2061; x_wconf 88' lang='lat' dir='ltr'>Hostio</span> <span class='ocrx_word' id='word_1_580' title='bbox 1080 2039 1241 2062; x_wconf 83' lang='lat' dir='ltr'>disseruerunt</span> <span class='ocrx_word' id='word_1_581' title='bbox 1275 2040 1430 2066; x_wconf 79' lang='lat' dir='ltr'>(Geschichte</span> <span class='ocrx_word' id='word_1_582' title='bbox 1464 2039 1507 2061; x_wconf 84' lang='lat' dir='ltr'>der</span> <span class='ocrx_word' id='word_1_583' title='bbox 1536 2040 1611 2063; x_wconf 68' lang='lat' dir='ltr'>Rom.</span> <span class='ocrx_word' id='word_1_584' title='bbox 1636 2037 1763 2061; x_wconf 59' lang='lat' dir='ltr'>Luctantur*</span> 
     </span>
     <span class='ocr_line' id='line_1_49' title="bbox 77 2071 1769 2104; baseline 0.001 -10"><span class='ocrx_word' id='word_1_585' title='bbox 77 2071 160 2101; x_wconf 87' lang='lat' dir='ltr'>Leipz.</span> <span class='ocrx_word' id='word_1_586' title='bbox 179 2072 251 2100; x_wconf 75' lang='lat'>1882.</span> <span class='ocrx_word' id='word_1_587' title='bbox 270 2071 285 2103; x_wconf 66' lang='grc' dir='ltr'>ἓ</span> <span class='ocrx_word' id='word_1_588' title='bbox 306 2073 377 2101; x_wconf 83' lang='grc'><strong>130,1</strong></span> <span class='ocrx_word' id='word_1_589' title='bbox 396 2074 420 2098; x_wconf 93' lang='lat' dir='ltr'>S.</span> <span class='ocrx_word' id='word_1_590' title='bbox 441 2074 500 2104; x_wconf 81' lang='lat'>198)</span> <span class='ocrx_word' id='word_1_591' title='bbox 517 2074 577 2097; x_wconf 85' lang='lat' dir='ltr'>haec</span> <span class='ocrx_word' id='word_1_592' title='bbox 595 2074 757 2104; x_wconf 82' lang='lat' dir='ltr'>protulerunt:</span> <span class='ocrx_word' id='word_1_593' title='bbox 776 2073 842 2101; x_wconf 87' lang='lat' dir='ltr'>„Fiir</span> <span class='ocrx_word' id='word_1_594' title='bbox 858 2072 898 2095; x_wconf 90' lang='lat' dir='ltr'>die</span> <span class='ocrx_word' id='word_1_595' title='bbox 916 2072 1025 2100; x_wconf 86' lang='lat' dir='ltr'>Ansicht,</span> <span class='ocrx_word' id='word_1_596' title='bbox 1043 2072 1098 2096; x_wconf 85' lang='lat' dir='ltr'>dass</span> <span class='ocrx_word' id='word_1_597' title='bbox 1115 2073 1228 2096; x_wconf 88' lang='lat' dir='ltr'>hiernach</span> <span class='ocrx_word' id='word_1_598' title='bbox 1246 2073 1347 2096; x_wconf 79' lang='lat' dir='ltr'>Hostius</span> <span class='ocrx_word' id='word_1_599' title='bbox 1371 2073 1414 2095; x_wconf 81' lang='lat' dir='ltr'>der</span> <span class='ocrx_word' id='word_1_600' title='bbox 1440 2072 1547 2096; x_wconf 74' lang='lat' dir='ltr'>srssheste</span> <span class='ocrx_word' id='word_1_601' title='bbox 1565 2073 1701 2095; x_wconf 78' lang='lat' dir='ltr'>Fortsctzer</span> <span class='ocrx_word' id='word_1_602' title='bbox 1725 2072 1769 2095; x_wconf 84' lang='lat' dir='ltr'>des</span> 
     </span>
     <span class='ocr_line' id='line_1_50' title="bbox 74 2104 1770 2135; baseline 0.001 -9"><span class='ocrx_word' id='word_1_603' title='bbox 74 2104 167 2127; x_wconf 67' lang='lat' dir='ltr'>Ennius</span> <span class='ocrx_word' id='word_1_604' title='bbox 184 2105 221 2133; x_wconf 79' lang='lat' dir='ltr'>ist,</span> <span class='ocrx_word' id='word_1_605' title='bbox 239 2106 330 2135; x_wconf 77' lang='lat' dir='ltr'>apricht</span> <span class='ocrx_word' id='word_1_606' title='bbox 347 2107 407 2129; x_wconf 84' lang='lat' dir='ltr'>auch</span> <span class='ocrx_word' id='word_1_607' title='bbox 425 2107 465 2130; x_wconf 86' lang='lat' dir='ltr'>die</span> <span class='ocrx_word' id='word_1_608' title='bbox 482 2107 637 2135; x_wconf 77' lang='lat' dir='ltr'>Auffilhrung</span> <span class='ocrx_word' id='word_1_609' title='bbox 654 2107 781 2130; x_wconf 78' lang='lat' dir='ltr'>desselben</span> <span class='ocrx_word' id='word_1_610' title='bbox 798 2106 837 2129; x_wconf 85' lang='lat' dir='ltr'>bei</span> <span class='ocrx_word' id='word_1_611' title='bbox 854 2106 919 2130; x_wconf 84' lang='lat' dir='ltr'>Serv.</span> <span class='ocrx_word' id='word_1_612' title='bbox 937 2113 959 2129; x_wconf 79' lang='lat' dir='ltr'>a.</span> <span class='ocrx_word' id='word_1_613' title='bbox 976 2106 1007 2130; x_wconf 95' lang='grc' dir='ltr'>Ο.</span> <span class='ocrx_word' id='word_1_614' title='bbox 1025 2107 1087 2128; x_wconf 81' lang='lat' dir='ltr'>nach</span> <span class='ocrx_word' id='word_1_615' title='bbox 1105 2107 1195 2129; x_wconf 87' lang='lat' dir='ltr'>Ennius</span> <span class='ocrx_word' id='word_1_616' title='bbox 1214 2107 1263 2129; x_wconf 90' lang='lat' dir='ltr'>und</span> <span class='ocrx_word' id='word_1_617' title='bbox 1281 2113 1325 2128; x_wconf 92' lang='lat' dir='ltr'>vor</span> <span class='ocrx_word' id='word_1_618' title='bbox 1349 2106 1458 2129; x_wconf 74' lang='lat' dir='ltr'>Asellio‘1</span> <span class='ocrx_word' id='word_1_619' title='bbox 1477 2110 1522 2130; x_wconf 89' lang='lat' dir='ltr'>etc.</span> <span class='ocrx_word' id='word_1_620' title='bbox 1559 2107 1627 2135; x_wconf 79' lang='lat' dir='ltr'>Quae</span> <span class='ocrx_word' id='word_1_621' title='bbox 1646 2113 1770 2134; x_wconf 82' lang='lat' dir='ltr'>argumen-</span> 
     </span>
     <span class='ocr_line' id='line_1_51' title="bbox 75 2137 1770 2169; baseline 0.001 -10"><span class='ocrx_word' id='word_1_622' title='bbox 75 2137 134 2159; x_wconf 78' lang='lat' dir='ltr'>tatio</span> <span class='ocrx_word' id='word_1_623' title='bbox 152 2137 249 2161; x_wconf 87' lang='lat' dir='ltr'>minime</span> <span class='ocrx_word' id='word_1_624' title='bbox 266 2139 328 2161; x_wconf 82' lang='lat' dir='ltr'>cadit</span> <span class='ocrx_word' id='word_1_625' title='bbox 345 2140 369 2162; x_wconf 88' lang='lat' dir='ltr'>in</span> <span class='ocrx_word' id='word_1_626' title='bbox 381 2140 456 2162; x_wconf 84' lang='lat' dir='ltr'>Servii</span> <span class='ocrx_word' id='word_1_627' title='bbox 469 2140 581 2164; x_wconf 77' lang='lat' dir='ltr'>rationes.</span> <span class='ocrx_word' id='word_1_628' title='bbox 607 2140 670 2162; x_wconf 77' lang='lat' dir='ltr'>Nam</span> <span class='ocrx_word' id='word_1_629' title='bbox 688 2143 712 2162; x_wconf 86' lang='lat' dir='ltr'>et</span> <span class='ocrx_word' id='word_1_630' title='bbox 728 2139 837 2162; x_wconf 87' lang='lat' dir='ltr'>Servium</span> <span class='ocrx_word' id='word_1_631' title='bbox 855 2142 878 2161; x_wconf 91' lang='lat' dir='ltr'>et</span> <span class='ocrx_word' id='word_1_632' title='bbox 895 2138 1098 2169; x_wconf 84' lang='lat' dir='ltr'>interpolatorem,</span> <span class='ocrx_word' id='word_1_633' title='bbox 1116 2140 1154 2161; x_wconf 87' lang='lat' dir='ltr'>cui</span> <span class='ocrx_word' id='word_1_634' title='bbox 1173 2140 1252 2161; x_wconf 84' lang='lat' dir='ltr'>Hostii</span> <span class='ocrx_word' id='word_1_635' title='bbox 1270 2139 1385 2161; x_wconf 82' lang='lat' dir='ltr'>memoria</span> <span class='ocrx_word' id='word_1_636' title='bbox 1402 2139 1515 2165; x_wconf 75' lang='lat' dir='ltr'>debetur,</span> <span class='ocrx_word' id='word_1_637' title='bbox 1529 2139 1637 2161; x_wconf 85' lang='lat' dir='ltr'>ordinem</span> <span class='ocrx_word' id='word_1_638' title='bbox 1651 2139 1770 2168; x_wconf 85' lang='lat' dir='ltr'>quendam</span> 
     </span>
     <span class='ocr_line' id='line_1_52' title="bbox 76 2169 1769 2201; baseline 0 -9"><span class='ocrx_word' id='word_1_639' title='bbox 76 2169 101 2192; x_wconf 85' lang='lat' dir='ltr'>in</span> <span class='ocrx_word' id='word_1_640' title='bbox 118 2170 272 2200; x_wconf 81' lang='lat' dir='ltr'>scriptoribus</span> <span class='ocrx_word' id='word_1_641' title='bbox 289 2171 414 2195; x_wconf 73' lang='lat' dir='ltr'>laudandis</span> <span class='ocrx_word' id='word_1_642' title='bbox 431 2180 481 2195; x_wconf 84' lang='lat' dir='ltr'>non</span> <span class='ocrx_word' id='word_1_643' title='bbox 498 2172 640 2195; x_wconf 72' lang='lat' dir='ltr'>observasse</span> <span class='ocrx_word' id='word_1_644' title='bbox 657 2172 682 2195; x_wconf 88' lang='lat' dir='ltr'>hi</span> <span class='ocrx_word' id='word_1_645' title='bbox 699 2172 747 2195; x_wconf 89' lang='lat' dir='ltr'>loci</span> <span class='ocrx_word' id='word_1_646' title='bbox 763 2175 818 2195; x_wconf 80' lang='lat' dir='ltr'>sunt</span> <span class='ocrx_word' id='word_1_647' title='bbox 835 2175 915 2194; x_wconf 82' lang='lat' dir='ltr'>testes.</span> <span class='ocrx_word' id='word_1_648' title='bbox 951 2171 981 2195; x_wconf 91' lang='lat' dir='ltr'>G.</span> <span class='ocrx_word' id='word_1_649' title='bbox 999 2172 1019 2198; x_wconf 82' lang='lat' dir='ltr'>I,</span> <span class='ocrx_word' id='word_1_650' title='bbox 1037 2171 1070 2196; x_wconf 76' lang='lat'>43</span> <span class='ocrx_word' id='word_1_651' title='bbox 1088 2172 1244 2201; x_wconf 86' lang='lat' dir='ltr'>interpolator</span> <span class='ocrx_word' id='word_1_652' title='bbox 1261 2173 1343 2194; x_wconf 77' lang='lat' dir='ltr'>Anam</span> <span class='ocrx_word' id='word_1_653' title='bbox 1362 2175 1460 2201; x_wconf 81' lang='lat' dir='ltr'>poetam</span> <span class='ocrx_word' id='word_1_654' title='bbox 1477 2177 1595 2201; x_wconf 82' lang='lat' dir='ltr'>perverso</span> <span class='ocrx_word' id='word_1_655' title='bbox 1613 2171 1696 2193; x_wconf 88' lang='lat' dir='ltr'>ordine</span> <span class='ocrx_word' id='word_1_656' title='bbox 1714 2174 1769 2200; x_wconf 80' lang='lat' dir='ltr'>post</span> 
     </span>
     <span class='ocr_line' id='line_1_53' title="bbox 77 2203 1769 2235; baseline 0 -10"><span class='ocrx_word' id='word_1_657' title='bbox 77 2203 216 2232; x_wconf 79' lang='lat' dir='ltr'>“Nigidium</span> <span class='ocrx_word' id='word_1_658' title='bbox 241 2205 266 2227; x_wconf 87' lang='lat' dir='ltr'>in</span> <span class='ocrx_word' id='word_1_659' title='bbox 291 2205 395 2234; x_wconf 78' lang='lat' dir='ltr'>sphaera</span> <span class='ocrx_word' id='word_1_660' title='bbox 417 2206 574 2235; x_wconf 78' lang='lat' dir='ltr'>graecaniea“</span> <span class='ocrx_word' id='word_1_661' title='bbox 597 2209 621 2228; x_wconf 90' lang='lat' dir='ltr'>et</span> <span class='ocrx_word' id='word_1_662' title='bbox 647 2205 796 2228; x_wconf 75' lang='lat' dir='ltr'>“Varronem</span> <span class='ocrx_word' id='word_1_663' title='bbox 823 2204 998 2234; x_wconf 81' lang='lat' dir='ltr'>epistolicarum</span> <span class='ocrx_word' id='word_1_664' title='bbox 1017 2205 1202 2234; x_wconf 67' lang='lat' dir='ltr'>quaestionum&#39;*</span> <span class='ocrx_word' id='word_1_665' title='bbox 1231 2205 1316 2234; x_wconf 83' lang='lat' dir='ltr'>posuit.</span> <span class='ocrx_word' id='word_1_666' title='bbox 1351 2206 1381 2229; x_wconf 82' lang='lat' dir='ltr'>A.</span> <span class='ocrx_word' id='word_1_667' title='bbox 1403 2205 1421 2231; x_wconf 88' lang='lat' dir='ltr'>l,</span> <span class='ocrx_word' id='word_1_668' title='bbox 1444 2204 1494 2229; x_wconf 85' lang='lat'>392</span> <span class='ocrx_word' id='word_1_669' title='bbox 1521 2205 1586 2226; x_wconf 86' lang='lat' dir='ltr'>idem</span> <span class='ocrx_word' id='word_1_670' title='bbox 1612 2204 1769 2233; x_wconf 81' lang='lat' dir='ltr'>interpolator</span> 
     </span>
     <span class='ocr_line' id='line_1_54' title="bbox 77 2236 1769 2269; baseline -0.001 -10"><span class='ocrx_word' id='word_1_671' title='bbox 77 2237 233 2261; x_wconf 83' lang='lat' dir='ltr'>“Terentium</span> <span class='ocrx_word' id='word_1_672' title='bbox 250 2238 274 2261; x_wconf 91' lang='lat' dir='ltr'>in</span> <span class='ocrx_word' id='word_1_673' title='bbox 286 2238 448 2262; x_wconf 87' lang='lat' dir='ltr'>Phormione“</span> <span class='ocrx_word' id='word_1_674' title='bbox 466 2242 522 2269; x_wconf 84' lang='lat' dir='ltr'>post</span> <span class='ocrx_word' id='word_1_675' title='bbox 534 2238 687 2262; x_wconf 80' lang='lat' dir='ltr'>“Sallustium</span> <span class='ocrx_word' id='word_1_676' title='bbox 705 2238 728 2261; x_wconf 88' lang='lat' dir='ltr'>in</span> <span class='ocrx_word' id='word_1_677' title='bbox 736 2238 869 2269; x_wconf 82' lang='lat' dir='ltr'>Jugurtha“</span> <span class='ocrx_word' id='word_1_678' title='bbox 886 2237 999 2262; x_wconf 78' lang='lat' dir='ltr'>laudavit.</span> <span class='ocrx_word' id='word_1_679' title='bbox 1043 2238 1124 2267; x_wconf 83' lang='lat' dir='ltr'>Quid?</span> <span class='ocrx_word' id='word_1_680' title='bbox 1147 2238 1213 2268; x_wconf 93' lang='lat' dir='ltr'>quod</span> <span class='ocrx_word' id='word_1_681' title='bbox 1241 2238 1292 2268; x_wconf 91' lang='lat' dir='ltr'>ipse</span> <span class='ocrx_word' id='word_1_682' title='bbox 1315 2237 1412 2261; x_wconf 86' lang='lat' dir='ltr'>Servius</span> <span class='ocrx_word' id='word_1_683' title='bbox 1440 2237 1569 2267; x_wconf 85' lang='lat' dir='ltr'>scriptores</span> <span class='ocrx_word' id='word_1_684' title='bbox 1598 2237 1663 2259; x_wconf 88' lang='lat' dir='ltr'>nullo</span> <span class='ocrx_word' id='word_1_685' title='bbox 1683 2236 1769 2259; x_wconf 86' lang='lat' dir='ltr'>ordine</span> 
     </span>
     <span class='ocr_line' id='line_1_55' title="bbox 73 2270 1771 2335; baseline 0.002 -16"><span class='ocrx_word' id='word_1_686' title='bbox 73 2270 200 2325; x_wconf 58' lang='lat'>22241133551?</span> <span class='ocrx_word' id='word_1_687' title='bbox 211 2271 908 2335; x_wconf 43' lang='lat' dir='ltr'>altstat,‘gltmttfiffiiui¹202202{:.{25¹”;⁰‘ltv532</span> <span class='ocrx_word' id='word_1_688' title='bbox 926 2271 1093 2332; x_wconf 55' lang='lat' dir='ltr'>iif‘ssiimsswssi&#39;</span> <span class='ocrx_word' id='word_1_689' title='bbox 1105 2270 1771 2333; x_wconf 44' lang='lat' dir='ltr'>552⁰?‚t‘0321ffl¹:ettltttftff“Lussttttssrltss</span> 
     </span>
     <span class='ocr_line' id='line_1_56' title="bbox 77 2335 1770 2368; baseline 0 -13"><span class='ocrx_word' id='word_1_690' title='bbox 77 2340 136 2357; x_wconf 81' lang='lat' dir='ltr'>vero</span> <span class='ocrx_word' id='word_1_691' title='bbox 153 2337 309 2366; x_wconf 82' lang='lat' dir='ltr'>interpolator</span> <span class='ocrx_word' id='word_1_692' title='bbox 327 2338 425 2368; x_wconf 85' lang='lat' dir='ltr'>praebet</span> <span class='ocrx_word' id='word_1_693' title='bbox 442 2337 578 2367; x_wconf 85' lang='lat' dir='ltr'>exemplum</span> <span class='ocrx_word' id='word_1_694' title='bbox 597 2338 627 2362; x_wconf 83' lang='lat' dir='ltr'>A.</span> <span class='ocrx_word' id='word_1_695' title='bbox 646 2338 666 2365; x_wconf 85' lang='lat' dir='ltr'>I,</span> <span class='ocrx_word' id='word_1_696' title='bbox 682 2338 740 2364; x_wconf 79' lang='lat'>421,</span> <span class='ocrx_word' id='word_1_697' title='bbox 759 2337 800 2360; x_wconf 87' lang='lat' dir='ltr'>ubi</span> <span class='ocrx_word' id='word_1_698' title='bbox 816 2337 951 2360; x_wconf 76' lang='lat' dir='ltr'>Sallustium</span> <span class='ocrx_word' id='word_1_699' title='bbox 969 2340 1023 2358; x_wconf 77' lang='lat' dir='ltr'>ante</span> <span class='ocrx_word' id='word_1_700' title='bbox 1041 2337 1149 2359; x_wconf 85' lang='lat' dir='ltr'>Cassium</span> <span class='ocrx_word' id='word_1_701' title='bbox 1168 2337 1294 2359; x_wconf 84' lang='lat' dir='ltr'>Heminam</span> <span class='ocrx_word' id='word_1_702' title='bbox 1312 2336 1426 2359; x_wconf 81' lang='lat' dir='ltr'>laudavit.</span> <span class='ocrx_word' id='word_1_703' title='bbox 1462 2337 1497 2359; x_wconf 87' lang='lat' dir='ltr'>Ex</span> <span class='ocrx_word' id='word_1_704' title='bbox 1521 2336 1605 2366; x_wconf 81' lang='lat' dir='ltr'>quibus</span> <span class='ocrx_word' id='word_1_705' title='bbox 1629 2335 1770 2364; x_wconf 84' lang='lat' dir='ltr'>scriptorum</span> 
     </span>
     <span class='ocr_line' id='line_1_57' title="bbox 77 2369 1770 2401; baseline -0.001 -11"><span class='ocrx_word' id='word_1_706' title='bbox 77 2370 179 2392; x_wconf 68' lang='lat' dir='ltr'>aetatem</span> <span class='ocrx_word' id='word_1_707' title='bbox 196 2371 343 2399; x_wconf 77' lang='lat' dir='ltr'>argumentis</span> <span class='ocrx_word' id='word_1_708' title='bbox 361 2378 390 2394; x_wconf 88' lang='lat' dir='ltr'>ex</span> <span class='ocrx_word' id='word_1_709' title='bbox 407 2371 500 2399; x_wconf 82' lang='lat' dir='ltr'>ordine,</span> <span class='ocrx_word' id='word_1_710' title='bbox 519 2378 567 2401; x_wconf 88' lang='lat' dir='ltr'>quo</span> <span class='ocrx_word' id='word_1_711' title='bbox 585 2371 681 2394; x_wconf 86' lang='lat' dir='ltr'>Servius</span> <span class='ocrx_word' id='word_1_712' title='bbox 699 2371 738 2393; x_wconf 88' lang='lat' dir='ltr'>vel</span> <span class='ocrx_word' id='word_1_713' title='bbox 756 2371 914 2400; x_wconf 80' lang='lat' dir='ltr'>interpolator</span> <span class='ocrx_word' id='word_1_714' title='bbox 931 2375 972 2391; x_wconf 87' lang='lat' dir='ltr'>eos</span> <span class='ocrx_word' id='word_1_715' title='bbox 1001 2370 1156 2398; x_wconf 74' lang='lat' dir='ltr'>laudaverint,</span> <span class='ocrx_word' id='word_1_716' title='bbox 1182 2370 1262 2399; x_wconf 82' lang='lat' dir='ltr'>petitis</span> <span class='ocrx_word' id='word_1_717' title='bbox 1280 2370 1392 2392; x_wconf 88' lang='lat' dir='ltr'>constitui</span> <span class='ocrx_word' id='word_1_718' title='bbox 1411 2370 1450 2392; x_wconf 80' lang='lat' dir='ltr'>vel</span> <span class='ocrx_word' id='word_1_719' title='bbox 1475 2369 1603 2392; x_wconf 82' lang='lat' dir='ltr'>coniectari</span> <span class='ocrx_word' id='word_1_720' title='bbox 1627 2375 1675 2390; x_wconf 86' lang='lat' dir='ltr'>non</span> <span class='ocrx_word' id='word_1_721' title='bbox 1698 2374 1770 2397; x_wconf 86' lang='lat' dir='ltr'>posse</span> 
     </span>
     <span class='ocr_line' id='line_1_58' title="bbox 75 2401 393 2434; baseline 0.019 -13"><span class='ocrx_word' id='word_1_722' title='bbox 75 2401 269 2426; x_wconf 68' lang='lat' dir='ltr'>manifestissime</span> <span class='ocrx_word' id='word_1_723' title='bbox 285 2408 393 2434; x_wconf 84' lang='lat' dir='ltr'>apparet.</span> 
     </span>
    </p>
   </div>
  </div>
 </body>
</html>
