1875 2656
921 189 940 217 8

85 283 217 314 ‘terras‘
243 286 346 313 autem
371 290 409 313 ex
436 281 626 320 “sphaerae“
653 283 809 321 corrumpi
837 284 927 316 facile
951 284 1095 323 potuisse
1119 292 1212 316 nemo
1235 293 1297 316 non
1319 284 1416 316 videt.
1450 301 1480 305 ——
1517 284 1567 321 [G.
1589 284 1609 320 I,
1637 283 1683 322 19]
1706 284 1773 316 lau·

82 326 169 356 datur
194 323 356 361 “Nigidius
379 323 534 361 sphaerae
558 324 770 356 barbaricae“.
809 343 839 346 —
880 325 930 363 [Cr.
953 326 973 362 Ι,
997 325 1047 363 47]
1082 326 1280 364 interpolator
1313 324 1428 363 Nigidii
1460 325 1565 357 locum
1597 325 1704 361 adfert,
1738 329 1772 358 ut

85 365 232 396 “avarus“
261 369 290 395 et
316 365 466 401 “parcus“
491 373 610 395 vocum
633 365 882 402 significationes
905 367 999 398 valde
1022 367 1099 397 inter
1120 375 1158 398 se
1185 367 1366 404 discrepare
1400 366 1603 397 demonstret.
1647 366 1771 398 Titulus

81 414 142 437 non
165 405 284 443 legitur.
313 422 343 425 —
371 404 420 441 [G.
444 404 463 440 Ι,
488 404 559 441 260]
583 405 783 443 interpolator
805 407 880 445 quid
906 407 1057 438 “mature“
1082 407 1239 445 significet
1262 407 1398 445 exponit,
1421 415 1492 437 curn
1515 405 1646 438 Servius
1670 407 1711 438 de
1732 415 1770 438 ea

81 455 164 478 voce
194 446 243 478 1116
278 447 391 477 [1111111111
425 446 558 478 ν611111111
589 447 690 478 136131.
741 447 942 486 lnterpolator
972 451 1131 487 praeterea
1164 448 1302 486 pluribus
1337 448 1427 479 etiam
1461 447 1502 479 de
1528 447 1712 479 “maturare“
1739 451 1772 480 et

84 488 287 526 “properare“
314 496 432 518 vocum
454 487 737 525 significationibus
761 489 887 521 disserit
903 489 1033 525 Catone,
1048 489 1131 520 Aulo
1148 488 1259 524 Gellio,
1278 488 1403 527 Nigidio
1425 488 1566 522 laudatis.
1601 487 1772 520 Kretzsch-

81 538 146 560 mer
169 529 222 561 (de
245 528 317 559 Auli
341 527 432 559 Gellii
455 528 604 559 fontibus.
640 529 719 560 Part.
741 529 768 560 1:
791 530 832 560 de
854 530 1033 561 auctoribus
1057 529 1146 560 Gellii
1170 530 1389 566 grammaticis,
1412 530 1492 561 diss.
1508 528 1672 567 Grypisw.
1688 529 1771 561 Pos-

81 570 189 602 naniae
217 574 304 605 1860,
329 578 358 607 p.
382 571 434 605 28)
470 578 542 600 611111
565 569 606 601 de
630 569 721 601 Gellii
747 571 831 608 apud
858 570 1002 602 Servium
1035 573 1160 601 servata
1192 570 1342 601 memoria
1374 574 1546 607 quaereret,
1579 570 1770 608 comparatis

80 612 159 644 Gell.
184 611 221 646 X,
249 616 279 642 11
310 615 339 642 61
374 609 424 647 [G.
448 610 468 646 1,
492 610 563 647 260]
598 610 677 643 11366
701 611 790 643 dicit:
826 611 891 642 “Ne
914 611 963 643 hic
986 611 1113 649 quidem
1135 611 1175 642 ad
1197 610 1328 642 verbum
1350 610 1522 642 scholiasta
1544 610 1635 643 Gellii
1663 611 1769 643 locum

81 652 248 690 expressit,
272 652 333 683 sed
356 652 442 683 varie
466 652 604 683 mutavit.
648 652 762 690 Nigidii
784 653 898 687 locum,
922 653 950 683 ni
973 652 1067 687 fallor,
1091 656 1121 683 et
1148 652 1252 689 ipsum
1280 660 1319 682 ex
1352 650 1453 683 Gellio
1485 652 1635 683 transtulit
1668 656 1698 684 et
1730 661 1770 684 ea

80 702 161 732 quae
185 693 270 731 apud
295 692 506 723 Burmannum
529 696 675 730 tanquam
699 692 861 730 Nigidiana
883 693 1025 730 leguntur
1049 692 1153 730 “quod
1176 692 1246 723 hinc
1276 692 1371 723 debet
1398 692 1550 730 intellegi“
1574 693 1643 723 sine
1670 693 1769 724 dubio

81 735 234 767 debentur
258 733 392 766 Gellio“.
427 733 477 765 Ac
501 737 585 765 recte
608 734 657 765 ille
680 734 806 772 quidem
829 734 869 765 de
891 733 1070 765 testimonio
1087 732 1263 772 Nigidiano.
1292 732 1361 765 Nec
1375 736 1488 770 tamen,
1504 737 1536 765 ut
1550 736 1647 765 toturn
1662 734 1767 766 locum

81 786 121 807 ex
145 776 248 807 Gellio
271 776 532 812 transscripsisse
556 776 804 812 interpolatorem
828 775 898 805 sive
920 775 1079 812 antiquum
1111 774 1314 806 scholiastam
1342 779 1457 813 putem,
1489 775 1611 806 animus
1643 775 1768 807 inclinat

80 817 169 848 111566
194 817 235 848 de
259 816 384 847 causis:
408 815 542 846 Primum
565 816 684 852 utrique
709 824 808 852 pauca
830 819 901 845 sunt
923 815 1109 851 communia,
1133 816 1284 846 contraria
1306 816 1405 852 plura;
1438 819 1502 846 tum
1525 815 1644 846 Gellius
1672 816 1714 851 (n.
1737 824 1767 846 a.

81 858 118 893 Χ,
147 863 192 893 11,
216 858 310 893 4-9)
335 861 456 895 praeter
479 855 636 895 Nigidium
660 856 749 887 etiam
775 856 967 894 “Augustum
991 856 1020 887 in
1044 856 1203 894 epistulis“
1230 860 1260 888 et
1285 856 1460 888 “Afranium
1486 856 1515 887 in
1542 855 1663 888 Titulo“
1692 865 1766 888 auc-

81 905 167 931 tores
192 899 327 933 exhibet,
351 898 550 936 interpolator
571 902 674 928 autem
698 901 817 935 praeter
832 896 922 928 Gellii
939 896 1117 935 Nigidiique
1132 898 1310 929 testimonia
1346 897 1476 929 Catonis
1499 898 1540 929 de
1559 898 1762 936 “properare“

81 940 269 972 sententiam
293 940 443 976 prolatam
466 939 572 969 adfert.
617 937 738 969 Deinde
761 946 913 968 summam
948 938 1019 968 mihi
1053 942 1181 969 movent
1213 938 1430 975 suspicionem
1465 938 1578 975 Nigidii
1612 942 1642 969 et
1674 938 1766 970 Gellii

82 981 263 1014 testimonia
286 981 315 1011 in
339 980 400 1011 11116
423 980 518 1011 1011115
541 979 740 1017 interpolatae
765 978 971 1016 expositionis
995 979 1107 1017 posita.
1151 978 1366 1017 Quamobrem
1390 982 1419 1010 et
1447 978 1580 1010 Gellium
1614 983 1643 1010 et
1675 979 1765 1011 inter-

84 1024 258 1062 polatorem
283 1031 322 1053 ex
345 1021 503 1053 communi
526 1025 619 1058 atque
642 1020 790 1058 ampliore
814 1020 897 1051 ionte
921 1020 1064 1058 exeeptis
1099 1020 1208 1058 paucis
1241 1020 1361 1058 utrique
1390 1020 1609 1052 communibus
1638 1020 1766 1053 diversa

82 1065 231 1095 hausisse
256 1063 391 1097 conicio,
416 1062 589 1099 posteriore
612 1066 712 1092 autem
736 1066 876 1098 tempore
899 1061 1125 1098 interpolatoris
1148 1061 1271 1092 scholio
1295 1060 1385 1092 Gellii
1414 1061 1592 1099 Nigidiique
1618 1062 1766 1099 interpre-

81 1109 218 1135 tamenta
242 1112 282 1134 ex
305 1103 396 1134 Gellii
419 1102 521 1139 copiis
545 1106 652 1132 assuta
675 1110 760 1132 esse.
789 1118 819 1121 —-
846 1101 962 1136 Restat,
986 1105 1016 1132 ut
1039 1102 1079 1132 de
1104 1102 1160 1136 eis,
1182 1110 1265 1139 quos
1289 1102 1390 1139 plenis
1414 1101 1539 1133 exhibet
1560 1102 1651 1133 titulis
1674 1102 1767 1133 inter-

83 1146 213 1184 polator,
236 1144 317 1175 loeis
341 1143 515 1181 Nigidianis
539 1142 649 1173 dicam.
695 1141 771 1173 ssue.
788 1142 836 1176 lv,
864 1146 899 1173 10
922 1146 1019 1173 utrum
1036 1141 1154 1173 Dianae
1176 1151 1215 1173 an
1234 1142 1346 1178 Junoni
1382 1142 1554 1174 “Lucinae'‘
1584 1151 1764 1181 cognomen

82 1187 205 1219 dederit
228 1190 332 1224 poeta,
356 1184 518 1223 quaeritur.
547 1183 745 1221 lnterpolator
766 1183 850 1215 addit
872 1183 1083 1215 testimonium
1100 1182 1233 1222 “Nigidii
1256 1183 1296 1215 de
1319 1183 1378 1215 diis
1401 1183 1479 1215 libro
1501 1183 1572 1215 ΙΨ.
1605 1201 1635 1204 -
1671 1183 1721 1221 [A.
1743 1184 1764 1220 1,

86 1228 153 1265 177]
178 1228 285 1259 61131111
311 1226 472 1264 “Nigidius
496 1226 536 1257 de
558 1225 714 1256 hominurn
748 1225 933 1256 naturalibus
956 1224 1027 1256 ΙΨ.
1066 1242 1096 1245 -
1134 1224 1172 1256 (i.
1205 1224 1224 1260 l,
1260 1229 1317 1256 120
1351 1224 1483 1257 Servius
1515 1225 1594 1257 11366
1622 1226 1765 1258 3(1110131;

82 1270 203 1300 “Fibris
227 1272 331 1300 autem
354 1267 488 1298 abusive
510 1267 549 1297 ait
573 1275 599 1297 e.
623 1276 652 1304 q.
676 1267 722 1297 s.“
766 1266 981 1303 lnterpolatum
1005 1266 1091 1304 quod
1114 1266 1254 1304 sequitur
1275 1266 1429 1298 scholium
1457 1275 1497 1297 ex
1524 1267 1646 1299 duabus
1674 1268 1765 1305 parti-

81 1312 141 1341 bus
164 1314 310 1341 constare
334 1309 403 1339 luce
428 1308 539 1338 clarius
564 1311 620 1338 est.
665 1307 694 1337 ln
717 1307 817 1344 priore
841 1307 921 1338 enim
946 1311 1030 1344 parte
1054 1307 1094 1338 de
1111 1307 1225 1338 “fibra“
1249 1307 1341 1338 vocis
1357 1307 1585 1345 significatione
1602 1309 1764 1340 disseritur

80 1351 237 1388 adpositis
262 1349 389 1381 duobus
413 1348 565 1385 exemplis
596 1347 730 1379 “Cicero
753 1348 781 1378 in
805 1346 989 1378 Gabinium“
1022 1348 1071 1378 “et
1104 1348 1133 1378 in
1166 1347 1356 1379 Tusculanis
1380 1372 1387 1378 .
1411 1372 1417 1378 .
1441 1349 1468 1379 .“
1512 1348 1628 1380 Dicitur
1659 1353 1763 1380 autem

81 1393 142 1423 sub
166 1392 258 1422 linem
282 1390 373 1421 huius
408 1389 518 1427 partis:
553 1388 660 1419 “Bene
685 1397 759 1425 ergo
784 1388 938 1426 Vergilius
962 1412 969 1419 .
993 1412 999 1419 .
1023 1412 1030 1419 .
1053 1388 1147 1419 fibras
1170 1389 1273 1420 dixit“.
1318 1389 1389 1427 Qua
1411 1389 1440 1419 in
1463 1397 1495 1419 re
1521 1390 1765 1425 animadvertas,

80 1441 214 1470 quaeso,
238 1440 332 1469 quarn
356 1439 418 1461 non
441 1430 605 1461 concinant
626 1429 704 1460 11366
727 1438 798 1460 611111
822 1429 975 1466 prioribus
998 1437 1080 1467 quae
1102 1430 1184 1460 attuli
1201 1430 1354 1461 “abusive
1370 1430 1439 1461 ait“.
1483 1429 1562 1461 Nam
1577 1430 1649 1462 licet
1671 1430 1763 1462 etiam

79 1474 212 1505 Servius
236 1473 378 1510 saepius,
402 1480 472 1502 cum
496 1471 658 1501 multorum
681 1470 864 1508 scriptorum
887 1470 991 1501 varias
1015 1471 1148 1508 proterat
1170 1471 1352 1507 sententias,
1376 1479 1427 1502 res
1450 1470 1595 1503 diversas
1611 1472 1763 1503 interdum

79 1517 261 1552 componat,
284 1517 388 1544 tamen
411 1515 441 1542 ut
465 1511 599 1542 eundem
622 1512 724 1549 ipsum
748 1511 788 1541 de
812 1511 924 1542 eadem
947 1519 979 1542 re
1002 1511 1115 1542 iudicia
1138 1519 1268 1548 prorsus
1291 1512 1440 1542 contraria
1463 1512 1581 1543 1661556
1605 1516 1764 1550 putemus.

78 1565 96 1586 a
119 1555 214 1586 nobis
238 1555 402 1591 impetrare
431 1561 492 1582 non
517 1560 699 1590 possumus.
743 1551 846 1589 Itaque
878 1555 987 1583 nostro
1020 1552 1136 1583 iudicio
1168 1552 1294 1583 duobus
1327 1552 1506 1583 auctoribus
1540 1552 1619 1584 haec
1652 1553 1762 1584 deberi

79 1601 108 1627 et
132 1605 179 1631 ea,
203 1604 286 1633 quae
310 1594 399 1625 uncis
435 1594 554 1624 inclusa
577 1597 656 1628 sunt,
679 1602 697 1623 a
720 1592 832 1624 Servio
854 1601 917 1624 non
942 1601 1018 1624 esse
1042 1593 1181 1631 protecta
1214 1593 1278 1624 iure
1315 1593 1469 1625 dicemus.
1513 1593 1617 1625 Altera
1649 1594 1761 1626 scholii

78 1636 251 1675 interpolati
276 1644 347 1674 pars
371 1635 484 1666 “fibra“
508 1635 581 1666 voci
603 1635 727 1665 alteram
750 1634 1009 1671 significationem
1033 1634 1121 1665 indit:
1145 1634 1224 1665 “Alii
1246 1634 1359 1666 herbas
1382 1635 1540 1670 adserunt,
1563 1639 1595 1667 ut
1617 1635 1763 1674 Nigidius

79 1678 304 1710 commentario
327 1676 576 1714 grammaticaii“.
621 1675 709 1706 Hunc
733 1675 844 1712 Nigidii
866 1676 980 1710 locum,
1004 1679 1035 1706 ut
1057 1676 1148 1710 illum,
1171 1684 1266 1713 quem
1288 1684 1383 1714 supra
1405 1676 1613 1712 tractavimus,
1632 1684 1764 1714 praece-

78 1720 162 1751 denti
186 1719 309 1750 seholio
334 1722 445 1755 postea
467 1717 604 1748 additum
629 1725 705 1748 esse
739 1716 935 1748 manifestum
970 1720 1028 1747 est.
1061 1734 1091 1737 —
1129 1716 1167 1748 G.
1190 1716 1210 1753 Ι,
1233 1721 1272 1748 43
1295 1716 1426 1749 Servius
1459 1717 1511 1749 ubi
1544 1717 1585 1749 de
1616 1726 1698 1749 anno
1731 1721 1761 1749 et

77 1761 243 1791 mensibus
268 1759 403 1796 exponit,
426 1758 572 1795 antiquos
602 1757 764 1791 Romanos
794 1757 957 1789 “Martium
990 1757 1059 1788 anni
1094 1758 1276 1796 principium
1309 1758 1424 1790 habere
1457 1759 1601 1790 voluisse
1634 1763 1761 1797 propter

77 1802 211 1832 Martem
234 1809 313 1831 suae
335 1799 438 1837 gentis
461 1800 651 1830 auctorem⁴‘.
696 1798 776 1836 Quis
799 1798 906 1830 horum
931 1802 961 1829 et
982 1799 1180 1836 sequentium
1214 1807 1296 1837 quae
1325 1798 1457 1831 Servius
1490 1799 1561 1831 13611
1593 1800 1761 1831 ν61110111111

76 1846 185 1873 auctor
208 1842 304 1876 iuerit,
328 1841 357 1871 in
379 1840 439 1871 11116
463 1840 682 1878 disputationis
705 1839 752 1870 1115
776 1839 925 1871 indicatur
948 1839 1070 1870 verbis:
1094 1838 1167 1871 “Sic
1191 1839 1327 1872 Ovidius
1350 1840 1379 1871 in
1402 1840 1521 1872 iastis“.
1566 1839 1664 1872 Cuius
1687 1849 1761 1872 auc-

76 1885 183 1915 toritas
207 1882 416 1920 interpolatori
439 1890 501 1912 non
524 1881 685 1916 satisfecit,
710 1881 761 1919 qui
785 1885 816 1912 ut
838 1880 1023 1913 sententiam
1040 1881 1137 1912 modo
1153 1885 1354 1913 memoratam
1371 1882 1600 1920 comprobaret,
1617 1885 1763 1921 quattuor

76 1925 283 1956 vetustiorum
307 1924 491 1960 scriptorum
514 1923 692 1954 testimonia
714 1922 837 1953 scholio
860 1922 994 1953 intrusit:
1018 1921 1181 1959 “Nigidius
1204 1922 1233 1953 in
1256 1922 1390 1960 sphaera
1412 1924 1617 1961 graecanica“
1641 1923 1762 1955 “Varro

78 1966 311 2004 epistolicarum
335 1964 583 2002 quaestionum‘·.
628 1964 718 1995 “Atta
741 1988 747 1994 .
772 1988 778 1994 .
853 1964 904 1995 “et
925 1963 995 1994 alibi
1020 1986 1027 1993 .
1051 1986 1057 1993 .
1153 1962 1239 1994 Haec
1263 1964 1407 2002 exempla
1428 1964 1469 1995 ab
1497 1964 1545 1995 illa
1571 1973 1665 2002 quarn
1687 1963 1763 1996 Ser-

76 2008 147 2038 vius
172 2006 322 2038 Ovidium
345 2009 476 2036 secutus
500 2006 540 2036 de
563 2006 725 2036 mensibus
750 2005 875 2036 instituit
898 2004 1098 2042 expositione
1122 2004 1229 2041 partim
1258 2005 1424 2036 abborrent
1454 2009 1484 2036 et
1517 2005 1584 2036 eius
1619 2005 1762 2037 ordinem

76 2049 308 2085 interrumpunt.
353 2046 458 2083 Quare
481 2054 517 2076 ea
539 2046 746 2083 interpolatori
769 2046 913 2077 videntur
934 2044 1154 2076 adscribenda.
1182 2061 1212 2065 —
1245 2044 1284 2076 G.
1307 2045 1326 2080 I,
1350 2049 1410 2076 218
1432 2044 1563 2076 Servius
1597 2046 1638 2077 de
1671 2046 1761 2078 canis

73 2089 184 2120 stellae
209 2092 276 2119 ortu
298 2091 392 2124 atque
416 2095 535 2117 occasu
558 2087 655 2117 verba
677 2087 756 2122 tacit,
779 2087 894 2124 quibus
917 2085 1117 2123 interpolator
1137 2084 1216 2117 haec
1238 2085 1337 2117 addit:
1355 2085 1518 2124 “Nigidius
1535 2087 1762 2126 commentario

73 2130 229 2168 sphaerae
251 2129 458 2167 graecanicae
483 2136 509 2159 e.
532 2137 562 2166 q.
586 2129 632 2159 s.“
662 2145 691 2149 —
718 2127 862 2166 Denique
897 2136 960 2158 non
990 2126 1193 2158 omittendum
1213 2126 1335 2159 videtur
1358 2135 1434 2159 esse
1450 2127 1564 2166 Nigidii
1586 2127 1762 2160 sententias

72 2181 132 2202 una
155 2180 227 2202 cum
251 2170 364 2208 Hygini
386 2170 566 2200 testimonio
599 2170 783 2200 coniunctas
816 2169 901 2207 apud
924 2167 1069 2200 Servium
1098 2172 1207 2200 neutro
1236 2169 1360 2200 laudato
1389 2169 1518 2201 inveniri
1546 2179 1565 2200 a
1592 2169 1762 2201 Kretzsch—

72 2221 159 2244 mero
184 2213 214 2247 (1.
239 2212 257 2242 l.
282 2220 312 2249 p.
336 2209 396 2248 77),
420 2219 490 2241 cum
515 2209 647 2241 Gellium
670 2210 749 2246 XVI,
773 2215 839 2245 6,11
868 2214 897 2241 et
919 2208 1065 2241 Servium
1087 2209 1117 2240 in
1138 2209 1178 2240 A.
1200 2209 1251 2245 IV,
1275 2215 1313 2241 57
1337 2210 1532 2246 6011111115561,
1563 2210 1680 2248 optime
1703 2211 1762 2242 ob-

70 2258 231 2286 servatum
256 2261 343 2284 esse.
372 2269 401 2272 —
429 2251 520 2290 Quae
544 2255 650 2283 noster
672 2251 847 2283 hauseritne
872 2260 911 2283 ex
934 2249 1024 2282 Gellii
1047 2250 1150 2289 copiis
1172 2260 1211 2282 an
1234 2259 1273 2282 ex
1296 2250 1459 2288 Suetonio,
1489 2260 1584 2290 quem
1611 2260 1630 2283 a
1657 2250 1762 2284 Gellio

70 2296 188 2333 ubique
213 2294 381 2332 expilatum
407 2301 483 2324 esse
507 2297 637 2328 constat,
654 2302 692 2323 an
710 2302 748 2324 ex
771 2292 996 2324 vetustioribus
1019 2292 1250 2324 commentariis
1274 2293 1422 2330 equidem
1437 2302 1500 2324 non
1516 2293 1594 2324 satis
1612 2293 1760 2331 dispicio.

73 2354 105 2357 —-
133 2336 225 2368 Livio
246 2334 432 2366 Andronico
454 2337 548 2372 atque
572 2333 695 2371 Nigidio
720 2333 829 2372 Figulo
852 2334 972 2365 tertium
994 2333 1202 2371 adiungamus

218 2375 631 2451 gekffiufflciffiegggln&
654 2420 768 2447 tantum
792 2416 874 2447 nullo
897 2416 962 2447 libri
984 2415 1070 2447 titulo
1100 2416 1249 2454 adposito
1278 2419 1514 2447 commemorat.
1566 2415 1647 2447 Dicit
1678 2416 1760 2448 euim
