1875 2656
939 204 979 231 20

120 304 171 331 aut
197 299 395 337 neglegentia
422 303 473 330 aut
499 299 621 330 inscitia
650 300 799 331 commoti
825 299 1010 337 scriptorum
1038 303 1154 331 tantum
1184 302 1312 334 nomina
1336 301 1484 334 laudasse
1511 301 1693 339 plerumque
1723 300 1803 332 satis·
1849 291 1864 308 '⁶

120 341 283 371 habebant.
318 340 516 378 Quamquam
538 348 602 371 non
624 340 708 372 idem
731 341 760 372 in
783 348 905 376 omnes,
927 348 1011 379 quos
1031 339 1163 372 Servius
1186 341 1216 374 in
1238 342 1448 375 testimonium
1468 342 1606 378 vocavit,
1628 342 1803 381 scriptores
1838 367 1847 373 ..

119 382 211 418 valet,
234 390 274 413 eu
329 390 452 420 paucos
475 381 634 420 quosdam
657 382 758 421 plenis
781 382 935 421 adpositis
957 382 1049 414 titulis
1073 381 1268 416 exhibeat—
1287 384 1479 420 Suetonium,
1499 382 1648 420 Gellium4·
1661 382 1800 420 Plinium,

119 423 255 470 Caprum
277 432 295 454 a
331 431 348 455 e
371 430 484 455 omnes
507 423 580 455 dico
608 441 639 445 —
665 433 748 462 quos
772 423 885 456 Servio
907 424 946 455 ad
970 432 1080 455 manus
1103 423 1202 456 fuisse
1225 426 1432 463 suspicamur.
1475 424 1676 463 Interpolator
1696 428 1800 457 autem

120 465 249 502 primum
272 465 437 495 multorum
459 468 620 496 auctorum
651 466 797 503 exempla
818 465 931 496 Servio
960 465 1086 500 intrusit,
1109 473 1241 502 quorum
1266 467 1417 498 memoria
1437 466 1521 504 apud
1543 464 1688 498 Servium
1709 465 1800 503 plane

119 505 199 536 nulla
233 508 348 541 exstat;
381 508 445 537 tum
479 505 684 544 complurium
718 514 850 545 magnae
873 506 1036 538 vetustatis
1066 509 1226 554 poetarum
1261 507 1406 546 exempla
1432 507 1533 546 plenis
1554 505 1686 539 adiectis
1707 505 1800 538 titulis

118 546 227 582 assuit,
240 555 324 585 quos
336 529 469 579 'Servius
482 547 625 579 manibus
638 557 700 580 non
717 548 821 584 tenuit,
834 556 1029 587 quorumque
1044 547 1092 579 ille
1108 547 1180 580 nihil
1194 548 1253 580 nisi
1268 548 1391 580 notitias
1404 557 1484 587 quas
1497 548 1630 581 dicimus
1642 547 1800 580 litterarias

118 589 258 626 praebet.
302 588 447 627 Denique
481 589 605 624 iisdem,
633 598 717 627 quos
741 593 771 620 et
792 589 923 621 Servius
952 593 982 620 et
1013 589 1211 627 interpolator
1241 590 1374 625 laudant,
1407 590 1612 627 scriptoribus
1628 589 1688 620 hic
1715 589 1801 626 plura

117 629 328 667 suppositicia
350 630 486 665 inseruit,
511 638 550 660 eo
566 630 643 661 satis
659 630 800 668 insignia,
824 630 911 668 quod
927 630 1082 661 veterioru
1150 634 1290 662 uctorum
1307 629 1460 667 exemplis
1476 630 1587 662 adlatis
1602 629 1801 668 interpolator

117 671 222 702 titulos
245 670 403 709 adposuit,
437 679 504 702 raro
530 671 649 703 addidit
675 671 705 702 in
731 671 917 709 scriptorum
951 671 1089 703 recentio
1112 679 1139 703 is
1161 672 1270 704 aetatis
1300 671 1448 710 operibus
1477 671 1651 703 laudandis.
1695 670 1800 710 Quare

118 721 191 743 cum
218 712 379 750 utriusque
406 713 593 750 scriptorum
620 712 844 744 laudandorum
874 712 949 744 ratio
978 713 1105 744 diversa
1136 714 1184 749 sit,
1217 712 1442 752 interpolatoris
1477 712 1621 750 exempla
1646 721 1666 744 a
1686 712 1800 744 Servio

117 753 326 784 abiudicanda
354 762 431 784 esse
455 757 608 791 putamus,
638 753 710 784 licet
737 753 774 784 iis
802 753 895 784 multa
921 754 1101 791 antiquioris
1134 754 1335 792 meliorisque
1361 753 1503 786 lectionis
1525 757 1619 792 atque
1632 753 1800 785 -doctrinae

118 795 211 826 insint
243 794 384 830 frustula:
418 803 521 832 neque
555 794 636 826 enirn
663 793 764 826 Servii
791 794 926 832 genuina
952 798 1033 826 sunt.
1078 795 1219 834 Quorum
1245 796 1318 834 quid
1352 795 1482 834 singulis
1515 794 1691 831 codicibus,
1724 795 1800 833 quid

117 836 278 868 veteribus
302 836 531 867 commentariis
554 836 606 867 vel
630 836 844 874 exemplorum
866 836 1105 868 collectionibus
1127 837 1323 869 tribuendum
1345 838 1393 872 sit,
1421 837 1569 868 incertum
1593 840 1650 868 est.
1694 835 1800 874 Quare

117 879 185 909 laus
212 878 313 912 nimia,
343 885 436 914 quam
458 881 585 908 veteres
608 877 663 908 viri
686 877 771 908 docti
794 876 908 908 Servio
940 881 1066 915 propter
1091 879 1267 916 antiquae
1298 878 1441 909 lectionis
1474 878 1599 916 copiam
1624 877 1799 912 tribuerunt,

118 928 188 950 cum
211 927 305 949 nemo
328 918 430 949 acrius
453 918 482 949 in
506 926 575 949 earn
598 926 662 949 rern
689 918 916 956 inquisivisset,
945 918 1048 956 aliqua
1078 927 1117 950 ex
1140 923 1225 957 parte
1248 919 1423 951 resecanda
1445 918 1508 950 erit.
1552 918 1683 950 Servius
1707 917 1799 954 enim,

117 961 188 991 licet
215 960 361 994 omnium.
390 960 430 991 de
454 959 567 997 quibus
591 959 726 994 disserit,
755 968 788 990 ar
832 963 1005 991 mentorum
1033 960 1110 991 satis
1134 961 1246 992 doctas
1268 964 1361 999 atque
1389 960 1533 998 egregias
1562 959 1799 997 explanationes

117 1001 275 1039 praebeat,
308 1004 411 1032 tamen
438 1001 573 1032 lectione
601 1000 726 1039 antiqua
757 1000 795 1032 ha
818 1000 838 1032 d
864 1001 905 1032 ita
933 1001 1028 1032 multo
1054 1009 1133 1033 suae
1155 1002 1265 1033 aetatis
1287 1001 1507 1040 grammaticos
1530 1004 1666 1039 superat.
1708 1000 1800 1031 Inter-

117 1043 265 1081 polatoris
299 1042 426 1080 quidem
459 1042 595 1074 frustulis
629 1042 770 1074 desectis
798 1041 911 1074 Servio
938 1042 1103 1074 vetustatis
1132 1043 1210 1075 illius
1245 1043 1356 1082 robigo
1389 1042 1510 1079 nobilis,
1542 1051 1561 1074 a
1587 1042 1661 1074 viris
1695 1041 1799 1074 doctis

116 1085 280 1120 celebrata,
316 1088 346 1115 et
377 1092 508 1116 muscus
541 1083 694 1115 honestus
726 1084 942 1122 abstergentur
970 1087 1063 1122 atque
1090 1084 1285 1121 abraduntur,
1315 1085 1375 1117 sed
1402 1084 1466 1123 pari
1493 1084 1609 1116 ratione
1642 1083 1799 1115 sermonis

114 1126 400 1163 sententiarumque
428 1126 629 1163 inaequalitas
659 1129 753 1163 atque
784 1125 1014 1160 dissimilitudo,
1037 1124 1151 1157 Servio
1179 1134 1308 1164 semper
1336 1125 1505 1164 opprobrio
1529 1125 1629 1161 datae,
1656 1125 1800 1156 tolluntur

115 1169 163 1202 ita,
197 1171 228 1198 ut
254 1175 361 1198 sermo
393 1167 575 1198 concinnior
607 1166 763 1197 efficiatur.
808 1166 1005 1204 Quamquam
1039 1166 1129 1197 etiam
1152 1166 1297 1198 Servium
1323 1175 1417 1205 quem
1445 1166 1578 1198 dicimus
1605 1166 1798 1197 decurtatum

114 1208 212 1239 modo
235 1208 380 1239 breviore
403 1211 497 1245 atque
527 1207 726 1245 elegantiore,
761 1207 858 1238 modo
886 1207 1024 1244 pleniore
1050 1210 1144 1245 atque
1172 1208 1274 1246 magis
1296 1207 1414 1246 vulgari
1436 1215 1528 1238 usum
1550 1215 1626 1238 esse
1649 1214 1797 1237 sermone

113 1258 174 1281 nos
202 1257 264 1280 non
294 1249 378 1286 fugit.
423 1248 520 1286 Quod
553 1248 655 1286 ipsine
683 1257 723 1279 an
752 1248 966 1286 scriptoribus,
1000 1256 1083 1285 quos
1114 1248 1288 1287 exscripsit,
1319 1248 1514 1280 tribuendum
1546 1247 1595 1283 sit,
1623 1256 1705 1278 nunc
1737 1247 1797 1278 iam

113 1291 293 1328 disceptare
330 1298 392 1321 non
429 1290 593 1325 audemus,
628 1298 699 1321 cum
734 1289 774 1321 ad
810 1297 878 1321 eam
915 1289 1132 1327 quaestionem
1165 1290 1367 1321 dirimendam
1408 1289 1599 1321 accuratiore
1638 1297 1720 1326 opus
1756 1288 1797 1320 sit

112 1332 341 1370 disquisitione.
