1875 2656
232 715 332 747 Vetus
355 714 427 746 illud
451 717 617 749 certamen,
651 712 738 751 quod
762 715 811 743 est
833 712 873 744 de
897 711 1010 744 Servio
1032 717 1140 744 trunco
1175 716 1204 744 et
1226 712 1338 744 Servio
1361 713 1581 751 interpolato*)‚
1616 712 1763 743 omnibus

83 758 158 788 viris
182 757 295 791 doctis,
318 756 370 793 qui
393 756 556 787 litterarum
579 759 673 792 atque
695 754 802 785 artium
824 754 1014 792 antiquarum
1048 754 1159 786 studiis
1192 763 1229 786 se
1258 755 1438 791 imbuerunt,
1472 755 1671 786 notissimum
1704 758 1763 785 est.

82 797 231 828 Nimirum
253 797 301 831 illi,
324 796 439 833 quibus
462 804 522 827 nos
534 796 652 830 utimur,
669 794 770 826 Servii
793 796 1004 826 commentarii
1026 804 1120 832 quem
1137 797 1336 833 praecipuum
1352 797 1456 827 locum
1478 800 1603 827 teneant
1625 796 1655 826 in
1677 796 1764 826 intel-

82 838 226 874 legendis
240 837 365 874 Vergilii
388 837 575 867 carminibus
598 840 629 867 ut
652 835 883 873 prudentissimi
896 835 1044 873 philologi
1067 836 1202 873 professi
1224 840 1303 871 sunt,
1327 837 1365 867 ita
1387 845 1449 867 uno
1465 837 1529 867 iere
1546 845 1600 867 ore
1617 836 1763 867 miseram

83 878 304 910 condicionem
328 886 434 909 eorum
463 876 663 913 scholiorum,
697 884 779 914 quae
811 885 892 907 nunc
925 875 1026 908 Servii
1059 885 1172 907 nomen
1206 886 1278 914 prae
1301 886 1337 908 se
1371 878 1476 912 terunt,
1511 878 1763 914 deploraverunt.

83 920 161 951 Nam
185 929 287 958 usque
310 920 349 951 ad
372 929 484 950 annum
512 924 588 951 1600
611 918 712 950 Servii
735 918 946 949 commentarii
972 927 1035 949 non
1069 918 1127 950 nisi
1162 927 1238 954 eam,
1272 927 1352 957 quae
1386 927 1466 950 nunc
1500 918 1659 950 decurtata
1691 918 1762 949 sive

82 965 188 992 trunca
209 961 388 999 appellatur,
412 960 632 991 recensionem
655 959 756 991 secuti
785 960 902 997 prelum
933 960 1126 997 reliquerunt,
1162 961 1271 997 quales
1304 969 1322 990 a
1355 960 1527 993 Roberto
1560 960 1762 997 Stephano

83 1002 208 1033 Parisiis
242 1011 269 1033 a.
306 1006 382 1033 1532
415 1002 531 1039 optime
566 1001 669 1033 editos
701 1000 864 1032 habemus.
917 1000 1010 1031 Anno
1047 1005 1123 1032 1600
1159 1000 1258 1032 Servii
1295 1001 1504 1032 commentarii
1533 1010 1550 1032 e
1574 1000 1763 1032 bibliotheca

82 1043 179 1075 Petri
203 1043 377 1075 Danielis
410 1041 536 1074 Parisiis
559 1043 642 1081 apud
666 1042 886 1074 Sebastianum
920 1041 1082 1073 Nivellium
1108 1042 1218 1080 “longe
1240 1043 1411 1074 auctiores*
1438 1042 1625 1080 prodierunt.
1670 1042 1761 1080 Quae

84 1085 177 1116 editio
202 1091 322 1123 praeter
345 1093 381 1115 ea
404 1084 533 1119 scholia,
557 1092 638 1122 quae
655 1083 756 1115 Servii
781 1092 856 1115 esse
880 1084 1063 1115 certissimis
1079 1084 1263 1115 testimoniis
1279 1088 1409 1119 constat,
1425 1084 1483 1115 alia
1505 1085 1598 1115 multa
1614 1084 1760 1118 continet,

83 1134 164 1163 quae
187 1130 257 1156 ante
285 1126 356 1156 illud
379 1129 504 1163 tempus
538 1134 600 1155 non
635 1129 719 1155 erant
752 1125 843 1155 edita.
887 1125 978 1162 Quae
1010 1125 1217 1156 additamenta
1249 1125 1355 1156 Daniel
1388 1134 1576 1162 quamquam
1609 1134 1627 1156 a
1659 1124 1761 1156 Servii

83 1167 208 1198 nomine
231 1167 329 1198 aliena
353 1175 428 1198 esse
451 1166 659 1205 intellegebat,
686 1175 705 1197 a
727 1165 887 1198 Servianis
910 1169 1013 1197 tamen
1049 1174 1110 1196 non
1144 1166 1287 1201 distinxit,
1322 1175 1413 1204 quam
1445 1166 1675 1204 neglegentiam
1708 1166 1762 1203 qui

83 1213 157 1246 post
180 1217 250 1239 eum
266 1207 367 1239 Servii
390 1208 632 1239 commentarios
657 1208 819 1239 ediderunt
840 1208 943 1238 imitati
965 1211 1038 1238 sunt
1059 1216 1170 1238 omnes
1195 1212 1313 1245 praeter
1336 1207 1487 1239 Petrum
1512 1206 1761 1239 ssurmannum

84 1253 113 1280 et
135 1249 206 1279 Alb
216 1253 334 1280 ertum
357 1248 521 1284 Lionem,
545 1257 676 1286 quorum
692 1249 773 1291 ,alter
788 1248 889 1279 Servii
912 1249 1153 1279 commentarios
1177 1258 1235 1279 una
1258 1258 1327 1279 cum
1350 1249 1442 1280 variis
1468 1249 1656 1280 lectionibus
1684 1248 1762 1279 Ver-

82 1290 213 1328 gilianae
238 1290 372 1325 editioni,
396 1299 489 1328 quam
513 1290 639 1321 instituit
653 1289 883 1321 Amstelodami
906 1298 933 1320 a.
953 1294 1039 1325 1746,
1062 1290 1226 1324 subiunxit,
1249 1291 1322 1321 alter
1338 1289 1503 1327 Gottingae
1526 1299 1553 1320 a.
1574 1294 1650 1321 1826
1666 1297 1762 1327 sepa-

83 1332 167 1362 ratim
192 1332 296 1363 edidit.
340 1331 359 1362 li
383 1332 463 1363 enim
488 1340 525 1363 ea
546 1332 764 1367 additamenta,
788 1340 869 1369 quae
894 1330 1002 1363 Daniel
1026 1340 1064 1363 ex
1086 1331 1153 1363 suis
1175 1331 1258 1363 libris
1281 1331 1402 1367 adiecit,
1431 1331 1470 1362 ab
1493 1331 1530 1362 iis
1554 1339 1635 1369 quae
1658 1330 1761 1362 Servii

83 1373 216 1404 codices
240 1373 399 1411 praebent,
423 1373 513 1404 uncis
537 1373 694 1411 quadratis
717 1373 927 1404 seiunxerunt.
971 1373 1210 1411 Quaerentibus,
1234 1374 1315 1404 unde
1340 1372 1448 1403 Daniel
1470 1373 1525 1407 illa,
1549 1373 1664 1410 quibus
1688 1371 1761 1404 Ser-

82 1414 123 1444 vii
147 1415 389 1444 commentarios
413 1415 485 1444 tecit
506 1415 684 1451 ampliores,
708 1414 886 1451 sumpserit,
901 1414 1009 1451 paucis
1033 1414 1239 1451 respondetur
1261 1415 1290 1445 in
1306 1414 1504 1452 praefatione.
1521 1423 1583 1451 qua
1599 1413 1761 1445 Danielem

83 1454 251 1492 praecipue
274 1454 363 1486 hisce
385 1455 523 1492 qumque
546 1454 712 1486 codiCibus
742 1463 833 1486 usum
868 1462 944 1485 esse
978 1455 1145 1485 doeemur:
1177 1455 1228 1485 Le
1240 1456 1456 1485 movicensi
1490 1456 1538 1489 (=
1564 1455 1637 1485 cod.
1661 1454 1760 1485 Voss.

81 1495 151 1527 hist.
176 1500 205 1527 et
226 1496 278 1527 litt.
301 1505 387 1527 saec.
404 1496 479 1531 ΧΡ),
505 1495 746 1527 Floriacensi
770 1496 871 1527 (cuius
895 1496 976 1533 prior
998 1505 1070 1534 pars
1086 1505 1166 1527 nunc
1183 1496 1254 1527 bibl.
1272 1495 1361 1527 Bern.
1388 1500 1452 1531 172,
1475 1496 1568 1526 altera
1585 1504 1656 1534 pars
1679 1504 1761 1526 nunc

82 1537 154 1567 bibl.
178 1540 237 1567 nat.
261 1536 356 1567 Paris.
381 1541 460 1568 7929
484 1541 532 1567 est
550 1550 584 1560 =
604 1536 627 1567 F
643 1536 744 1572 Thil.),
767 1537 1116 1568 Autissiodorensi
1139 1538 1232 1571 (nunc
1257 1536 1441 1568 Bernensi
1469 1542 1523 1568 167
1549 1551 1584 1560 ———
1609 1536 1637 1568 G
1658 1536 1761 1572 Thil.),

82 1577 300 1608 Turonensi
324 1579 417 1611 (nunc
441 1577 622 1608 Bernensi
649 1582 704 1608 165
729 1591 764 1600 =
788 1577 817 1608 T
839 1577 940 1613 Thil.),
971 1577 1153 1609 Fuldensi
1181 1579 1273 1609 (nunc
1297 1577 1524 1609 Cassellano
1551 1592 1586 1601 =
1608 1577 1636 1608 C
1658 1577 1761 1613 Thil.).

82 1618 223 1656 Quorum
246 1618 392 1649 codicum
414 1618 558 1653 habitum,
582 1618 741 1653 fortunam,
772 1618 908 1649 rationes
930 1617 969 1649 G.
982 1617 1073 1649 Thilo
1097 1619 1203 1656 (praef.
1228 1628 1257 1656 p.
1279 1618 1540 1649 XLVIII-LXV]
1564 1619 1762 1649 accuratissi-

81 1668 132 1691 me
155 1660 332 1698 descripsit.
358 1659 465 1692 Daniel
487 1660 576 1698 igitur
597 1660 735 1698 quinque
758 1668 841 1698 quos
864 1659 1032 1698 appellavit
1054 1660 1219 1692 codicibus
1249 1668 1325 1691 usus
1351 1664 1412 1696 est;
1446 1668 1550 1698 neque
1584 1664 1697 1694 tamen,
1732 1664 1763 1691 ut

82 1701 250 1732 editionem
272 1702 450 1736 conticeret,
468 1702 495 1732 ei
519 1702 655 1739 contigit,
678 1711 749 1732 cum
773 1706 963 1739 praematura
985 1706 1084 1733 morte
1106 1702 1303 1739 abriperetur.
1348 1702 1395 1737 lis,
1426 1702 1479 1740 qui
1504 1701 1641 1734 Danielis
1677 1702 1763 1734 editi-

81 1750 174 1772 onem
197 1742 237 1772 ad
260 1742 352 1772 finem
376 1743 593 1779 perduxerunt,
616 1743 756 1773 accessit
783 1746 943 1780 praeterea
961 1742 1083 1777 Jacobo
1112 1742 1286 1780 Bongarsio
1310 1743 1521 1774 intercedente
1556 1743 1762 1781 apographon

79 1783 203 1813 alterius
227 1783 349 1814 codicis
374 1782 550 1818 FuIdensis,
574 1792 592 1813 a
614 1783 723 1814 Marco
748 1783 881 1814 Velsero
907 1787 936 1814 et
958 1782 1111 1821 Caspario
1134 1783 1287 1821 Scioppio
1322 1785 1602 1821 neglegentissime
1636 1785 1763 1815 contec-

79 1827 152 1854 tum.
198 1823 320 1855 Omnes
345 1824 510 1860 editiones,
534 1833 615 1862 quae
639 1824 776 1856 Danielis
801 1824 966 1856 editionem
989 1828 1120 1855 secutae
1143 1828 1222 1859 sunt,
1257 1824 1339 1856 haud
1362 1825 1402 1856 ita
1434 1825 1538 1862 magni
1562 1825 1648 1863 pretii
1682 1830 1762 1859 sunt,

80 1873 160 1901 quas
184 1873 296 1896 omnes
319 1865 477 1896 Teuber
499 1866 528 1896 in
552 1866 781 1901 dissertatione,
813 1875 905 1903 quam
939 1865 979 1896 de
1013 1865 1114 1896 Servii
1150 1866 1380 1897 commentariis
1415 1867 1542 1904 scripsit
1576 1867 1628 1902 (de
1664 1866 1763 1898 Mauri

79 1904 179 1936 Servii
203 1906 393 1943 grammatici
416 1906 479 1937 vita
502 1910 531 1937 et
554 1907 784 1938 commentariis
808 1910 882 1944 part.
905 1906 924 1941 l,
947 1905 1110 1937 Vratislav.
1131 1911 1216 1942 1843,
1235 1916 1264 1944 p.
1282 1910 1416 1943 28—36)
1433 1912 1577 1938 accurate
1595 1912 1763 1938 enumerat.

79 1946 191 1977 Nlirum
214 1955 291 1978 sane
316 1951 373 1983 est,
390 1948 476 1985 quod
500 1948 572 1979 inde
595 1957 614 1979 a
630 1947 767 1979 Danielis
790 1951 890 1978 aetate
912 1955 1014 1984 usque
1037 1947 1077 1978 ad
1100 1952 1238 1978 nostram
1261 1952 1395 1979 aetatem
1418 1957 1512 1980 nemo
1529 1949 1663 1979 virorum
1687 1949 1764 1979 doc-

78 1991 177 2018 torum
200 1988 229 2018 in
253 1989 395 2024 codices,
419 1997 502 2026 quos
527 1988 635 2020 Daniel
656 1989 802 2024 adhibuit,
826 1988 1064 2026 investigandos
1086 1989 1188 2020 acrius
1213 1989 1380 2027 inquisivit.
1426 1989 1553 2027 Optime
1582 1990 1670 2027 igitur
1692 1990 1764 2021 tecit

78 2027 197 2063 Thilo,
220 2029 267 2059 vir
294 2047 324 2050 —
351 2034 382 2060 ut
405 2030 444 2061 ita
464 2030 567 2061 dicam
595 2048 625 2050 —
645 2029 917 2065 Servianissimus‚
940 2030 1026 2067 quod
1050 2038 1121 2061 cum
1145 2029 1294 2061 Franciae
1317 2035 1410 2068 atque
1433 2031 1533 2062 Italiae
1557 2030 1763 2062 bibliothecas

80 2073 332 2106 perscrutaretur,
356 2071 387 2101 id
404 2071 603 2108 potissimum
621 2072 691 2109 egit,
715 2075 746 2103 ut
768 2071 905 2109 optimos
923 2070 1024 2102 Servii
1047 2071 1206 2106 decurtati,
1229 2072 1258 2103 in
1282 2072 1388 2110 primis
1411 2076 1513 2103 autern
1538 2081 1596 2103 eos
1620 2072 1763 2105 codices.

79 2110 194 2148 quibus
218 2109 326 2142 Daniel
349 2119 427 2143 usus
453 2115 510 2148 est,
534 2112 703 2150 indagaret.
748 2112 840 2151 Quos
874 2120 985 2143 omnes
1020 2113 1164 2150 repperit.
1210 2113 1271 2150 Qui
1305 2122 1367 2143 non
1400 2114 1502 2144 solum
1538 2122 1596 2144 eos
1630 2113 1763 2144 codices

227 2193 254 2221 *)
271 2193 311 2215 Ad
328 2193 389 2215 hanc
407 2194 571 2222 quaestionem
589 2198 653 2216 recte
678 2194 827 2217 iudicandam
844 2194 908 2219 conf.
943 2192 964 2221 1)
982 2194 1013 2218 Ο,
1031 2194 1112 2222 Thilo,
1129 2195 1165 2217 in:
1183 2195 1269 2220 Rhein.
1287 2195 1349 2219 Mus.
1367 2195 1435 2223 XlV,
1460 2202 1483 2224 p.
1502 2195 1642 2223 535—550.
1669 2199 1691 2218 et
1709 2196 1763 2222 XV,

76 2231 101 2253 p.
121 2225 258 2249 119—149:
293 2226 406 2254 Beitrage
425 2233 465 2248 zur
482 2226 563 2247 Kritik
580 2226 623 2247 der
640 2227 791 2249 Scholiasten
813 2227 856 2249 des
873 2226 1002 2255 Vergilius.
1027 2239 1052 2243 -
1075 2226 1096 2256 ²)
1114 2228 1144 2251 G.
1163 2228 1247 2250 Thilo:
1270 2228 1346 2250 Servii
1371 2235 1460 2250 comm.
1484 2228 1557 2256 Verg.
1584 2230 1649 2250 Aen.
1672 2228 1714 2251 lib.
1743 2229 1763 2254 1,

79 2257 218 2285 139-200,
236 2258 319 2287 Progr.
338 2258 486 2287 Naumburg,
507 2259 579 2284 1856.
590 2271 621 2275 -
638 2256 660 2288 3)
679 2259 708 2283 G.
727 2259 811 2282 Thilo:
829 2259 906 2282 Servii
922 2259 1068 2288 grammatici
1086 2259 1109 2281 in
1128 2260 1227 2288 Vergilii
1244 2260 1335 2289 Georg.
1352 2260 1394 2284 lib.
1411 2260 1432 2287 1,
1450 2260 1549 2285 1-100
1572 2260 1763 2284 commentarius.

75 2289 205 2314 Nachricht
222 2291 265 2313 des
283 2291 340 2320 Kgl.
360 2292 448 2320 Padag.
465 2300 494 2314 zu
511 2292 591 2319 Halle,
611 2292 683 2317 1866.
704 2305 731 2309 -
752 2290 775 2321 4)
794 2292 824 2317 G.
842 2292 926 2315 Thilo:
945 2292 1103 2321 Quae-stiones
1121 2292 1258 2317 Servianae.
1293 2292 1422 2316 Nachricht
1444 2293 1504 2315 iiber
1528 2293 1570 2315 das
1598 2293 1656 2321 Kgl.
1675 2292 1762 2321 Padng.

75 2329 104 2344 zu
121 2323 201 2351 Hane,
221 2324 292 2349 1867.
311 2337 340 2341 -
360 2322 380 2356 ⁵)
398 2325 475 2348 Servii
492 2324 640 2354 grammatici
658 2326 699 2355 qui
716 2325 824 2348 seruntur
841 2325 865 2348 in
882 2325 980 2355 Vergilii
998 2326 1102 2348 earmina
1119 2326 1284 2348 commentarii
1311 2333 1402 2350 recens.
1437 2326 1467 2351 G.
1485 2326 1557 2348 Thilo
1575 2330 1598 2348 et
1616 2326 1647 2350 H,
1666 2325 1762 2354 Hagen,

75 2355 141 2385 Lips.
164 2357 230 2386 apud
247 2358 408 2385 Teubnerum,
438 2358 486 2381 vol.
505 2358 607 2386 11881,
634 2359 683 2383 vol.
701 2359 724 2381 11
751 2358 807 2383 ibid.
834 2358 905 2386 1884,
932 2358 980 2383 vol.
999 2359 1035 2381 111
1061 2359 1148 2381 fasc.l
1177 2359 1233 2383 ibid.
1254 2359 1324 2386 1887,
1352 2359 1457 2388 inprimis
1483 2359 1665 2388 praefationem,
1692 2365 1763 2388 quam

74 2388 145 2411 Thilo
164 2390 262 2413 editioni
280 2392 410 2420 praemisit.
