1875 2656
923 188 941 212 4

85 279 200 316 quibus
225 278 334 310 Daniel
356 287 435 310 usus
460 283 518 315 est,
541 280 602 311 sed
627 280 717 312 etiam
740 281 903 319 sexaginta
926 280 988 311 iere
1012 279 1167 315 codicum,
1188 279 1303 317 quibus
1323 279 1453 312 Servius
1477 281 1655 312 decurtatus
1678 280 1780 312 conti-

83 324 178 353 netur,
203 320 341 357 optimos
366 320 564 358 descripsit¹)
589 326 619 352 et
643 321 759 353 Danieli
783 330 938 352 assensus
968 324 1074 351 contra
1100 320 1304 358 Scaligerum,
1339 322 1391 359 qui
1425 321 1526 353 Servii
1560 322 1776 354 commentari-

85 369 172 390 orum
196 364 312 391 tantum
336 361 475 392 cadaver
498 362 722 393 monachorum
746 362 883 393 barbarie
906 370 943 391 ac
966 361 1112 398 spurcitia
1135 362 1374 392 contaminatum
1397 370 1572 399 superesse
1595 363 1678 398 dixit,
1712 372 1775 393 non

82 405 210 432 truncos
235 409 312 432 esse
336 400 439 433 Servii
462 402 569 437 libros,
593 403 652 434 sed
678 402 813 433 Danielis
837 402 979 436 codices,
1014 402 1042 432 in
1077 401 1182 439 primis
1206 400 1434 437 CasselIanum,
1464 402 1667 439 interpolatos
1697 412 1774 435 esse

83 443 229 474 omnibus
255 443 422 481 persuasit.
467 443 589 476 Exstitit
612 448 713 475 autem
738 443 829 475 Otto
853 440 1127 478 Ribbeckiusfl
1151 442 1202 480 qui
1226 451 1297 473 cum
1320 443 1349 473 in
1371 443 1473 481 capite
1496 446 1611 474 octavo
1629 445 1775 482 prolego-

86 492 202 515 menon
225 485 265 515 ad
289 484 417 522 Vergilii
452 486 620 516 editionem
653 486 836 523 scriptorum
875 485 915 515 de
944 483 1068 521 Vergilii
1107 484 1367 515 obtrectatoribus
1404 484 1585 522 disputaret,
1620 486 1774 517 nonnullis

83 524 185 556 Servii
210 526 383 563 interpolati
408 530 438 557 et
454 526 606 558 Macrobii
630 527 709 557 locis
733 526 851 557 collatis
875 534 1019 562 magnam
1043 525 1119 556 inter
1141 528 1303 562 utrumque
1326 525 1555 557 similitudinem
1579 526 1774 557 intercedere

82 567 309 599 animadvertit.
355 567 447 599 Unde
473 567 667 599 Ribbeckius
696 568 725 599 tl.
742 568 759 598 l.
784 576 812 605 p.
842 571 905 598 104.
928 568 996 598 1051
1013 566 1147 598 00111001ῐ
1164 566 1359 598 Macrobium
1376 575 1434 598 sua
1458 576 1496 598 ex
1515 567 1653 605 pleniore
1670 566 1773 599 Servii

83 609 320 642 commentario,
345 618 440 646 quem
465 610 614 646 integrum
638 610 778 645 legisset,
802 608 959 642 hausisse,
994 609 1061 639 eius
1089 612 1192 639 autem
1225 609 1436 639 commentarii
1470 609 1625 646 antiquam
1661 609 1772 640 faciem

82 649 209 687 turpiter
225 650 295 680 “vel
319 650 365 680 eis
388 650 478 684 locis,
493 650 607 687 quibus
631 658 680 680 res
705 650 793 686 ipsae
811 649 932 686 plenius
949 658 1042 686 quam
1058 649 1128 680 alibi
1149 653 1294 680 servatae
1317 649 1418 684 sunt“,
1451 649 1654 680 deformatam
1677 653 1772 687 atque

84 690 250 721 contusam
276 699 362 721 esse.
406 691 448 721 At
471 690 664 723 Ribbeckius
689 699 751 720 rem
776 698 881 726 parum
905 699 964 720 acu
987 690 1093 727 tetigit.
1138 689 1295 727 Cogitavit
1319 690 1407 727 igitur
1429 690 1470 721 de
1493 689 1606 721 Servio
1632 690 1772 727 pleniore

83 736 177 768 atque
200 732 349 762 auctiore.
372 731 468 762 Aliter
490 731 579 761 Thilo
602 731 709 763 sensit.
733 731 783 767 qui
808 739 878 761 cum
903 731 930 761 in
947 731 1186 767 quaestionibus
1204 730 1363 762 Servianis
1381 730 1479 766 (halle
1507 732 1595 766 1867)
1628 730 1771 762 Servium

83 780 101 802 a
126 771 304 803 Ribbeckio
328 772 518 805 defenderet,
543 772 568 802 si
595 771 756 802 Ribbeckii
780 772 933 802 sententia
956 780 1031 802 vera
1055 776 1152 805 esset,
1176 780 1257 809 quae
1281 772 1321 802 de
1345 772 1635 802 commentariorum
1657 771 1771 802 Servio

84 813 181 850 vulgo
204 813 383 844 tributorum
407 813 523 850 origine
546 817 638 849 atque
662 812 894 849 compositione
920 817 949 843 et
971 813 1078 843 tradita
1102 817 1131 843 et
1155 812 1353 850 probabiliter
1375 813 1550 844 coniectata
1585 817 1702 847 essent,
1732 821 1771 844 ea

85 854 189 884 omnia
213 863 290 885 esse
315 854 469 884 reicienda
493 854 666 883 rectissime
690 854 765 883 vidit
799 854 828 883 tl.
846 854 862 883 l.
887 862 916 891 p.
940 859 981 888 4).
1026 854 1130 891 Quare
1165 853 1267 888 Thilo,
1304 858 1335 884 ut
1371 854 1557 885 sententiam
1594 855 1634 885 de
1669 853 1771 885 Servii

85 895 318 924 commentariis
341 895 380 924 ab
403 894 474 931 ipso
499 894 694 930 potissimum
714 894 907 930 propositam
931 894 1121 930 argumentis
1144 894 1396 931 testimoniisque
1434 895 1617 925 detenderet
1641 899 1670 925 et
1693 903 1771 925 con-

86 935 227 970 firmaret,
251 934 364 966 Servio
387 935 556 972 scriptores
580 935 704 971 aliquot,
729 943 859 972 quorum
883 934 948 965 libri
972 943 1074 972 usque
1097 935 1136 966 ad
1165 939 1301 966 nostram
1331 938 1465 966 aetatem
1498 935 1613 966 servati
1649 939 1769 971 essent,

85 981 116 1007 ut
140 985 210 1007 cum
234 976 394 1007 Servianis
418 976 646 1007 commentariis
671 976 842 1014 comparari
878 980 1021 1014 possent,
1056 985 1135 1007 usos
1170 985 1246 1007 esse
1281 977 1311 1010 tl.
1334 977 1351 1007 l.
1376 985 1406 1014 p.
1430 978 1460 1012 5)
1494 976 1611 1014 optime
1643 976 1769 1012 monuit,

86 1018 163 1048 inter
186 1027 268 1055 quos
292 1017 398 1048 isidori
423 1017 557 1054 origines
582 1022 611 1048 et
634 1017 928 1055 mythographorum
963 1023 1150 1053 commenta,
1184 1027 1201 1048 a
1232 1017 1317 1048 Maio
1353 1018 1443 1052 edita,
1479 1026 1565 1049 esse.
1608 1017 1713 1055 Atque
1738 1022 1770 1049 ut

85 1059 177 1090 dictis
201 1059 293 1089 fidem
319 1059 439 1093 taceret,
465 1059 612 1095 permulta
637 1058 743 1089 isidori
769 1063 798 1089 et
821 1058 921 1089 Servii
947 1059 1092 1096 exempla
1108 1059 1243 1094 contulit,
1260 1059 1374 1096 quibus
1391 1059 1563 1096 scriptores
1581 1059 1649 1090 illos
1666 1058 1769 1090 Servii

85 1100 316 1130 commentariis
341 1100 378 1130 ita
402 1099 597 1136 comparatis,
622 1103 652 1130 ut
675 1108 756 1130 nunc
774 1108 832 1130 eos
850 1099 1037 1130 haberemus
1061 1100 1090 1130 in
1106 1100 1189 1130 libris
1207 1108 1297 1130 manu
1314 1100 1449 1137 scriptis,
1467 1100 1518 1137 qui
1536 1099 1637 1131 Servii
1654 1108 1769 1131 nome]

87 1150 159 1178 prae
182 1149 219 1172 se
245 1141 352 1171 terrent
377 1145 405 1171 et
428 1145 572 1171 vacarent
597 1140 733 1171 Danielis
757 1141 985 1176 additamentis,
1016 1150 1095 1172 usos
1120 1149 1195 1172 esse
1219 1141 1484 1178 comprobaretur.
1528 1140 1769 1179 Mythographis

83 1186 186 1212 autem
211 1191 280 1212 cum
304 1181 462 1212 Servianis
492 1182 712 1218 comparandis
737 1181 827 1212 Thilo
855 1182 1074 1219 supersedens
1104 1183 1240 1212 lectores
1273 1183 1303 1216 (1.
1327 1183 1343 1212 l.
1368 1191 1397 1219 p.
1420 1184 1451 1217 6)
1484 1183 1524 1213 ad
1558 1181 1767 1219 Georgium

84 1222 289 1253 ilenricum
326 1221 481 1253 Bodium
515 1222 682 1259 delegavit,
716 1223 767 1260 qui
798 1222 860 1253 Mai
895 1222 1189 1260 mythographorum
1225 1222 1443 1254 Vaticanorum
1479 1223 1647 1254 editionem
1670 1222 1767 1254 Cellis

88 1268 165 1295 1834
190 1264 390 1301 repetendam
414 1264 538 1298 curavit,
574 1273 636 1301 qua
660 1264 688 1294 in
713 1264 848 1295 editione
871 1273 952 1302 quae
978 1273 994 1295 e
1017 1263 1119 1295 Servii
1153 1264 1383 1295 commentariis
1418 1263 1528 1295 hausta
1562 1268 1671 1295 essent
1704 1264 1770 1295 dili-

83 1310 192 1342 genter
214 1305 408 1342 significavit.
453 1305 564 1342 Neque
587 1310 689 1336 tamen
713 1305 791 1336 haec
819 1306 958 1336 attulisse
988 1305 1079 1336 Thilo
1123 1306 1199 1336 satis
1237 1305 1348 1340 habuit,
1386 1306 1447 1336 sed
1484 1314 1556 1336 cum
1592 1306 1767 1336 accuratius

83 1347 112 1376 in
137 1355 205 1376 eam
230 1355 291 1376 rem
315 1346 750 1383 inquireret,disputationem
775 1347 814 1376 ita
837 1347 970 1381 instituit,
995 1351 1025 1377 ut
1042 1347 1181 1384 primum,
1199 1350 1296 1377 utrum
1320 1355 1357 1377 ea
1380 1355 1461 1384 quae
1485 1346 1629 1377 Servium
1652 1347 1769 1377 iaceret

82 1386 265 1417 Macrobius
289 1387 453 1418 docentem
478 1387 506 1417 in
530 1387 630 1424 ipsius
662 1387 763 1418 Servii
788 1387 1018 1418 commentariis
1044 1391 1254 1425 repeterentur
1287 1395 1398 1421 necne,
1435 1387 1618 1424 exquireret,
1652 1387 1769 1418 deinde

85 1428 204 1458 tertium
228 1427 465 1458 Saturnaliorum
489 1428 595 1458 librum
621 1433 816 1466 compararet
840 1433 868 1458 et
892 1437 961 1458 cum
986 1427 1087 1458 Servii
1112 1433 1141 1458 et
1164 1437 1235 1459 cum
1259 1428 1485 1465 interpolatoris
1509 1427 1648 1462 scholiis,
1682 1428 1768 1458 deni-

86 1477 148 1504 que
172 1473 342 1505 quaereret,
368 1477 437 1498 num
461 1469 488 1498 in
514 1469 639 1505 reliquis
663 1468 857 1499 Nlacrobiani
881 1469 946 1499 libri
976 1469 1112 1505 partibus
1147 1469 1297 1502 inessent,
1332 1477 1413 1505 quae
1438 1477 1455 1499 e
1478 1467 1579 1499 Servii
1608 1477 1769 1499 commen—

84 1509 166 1540 tariis
190 1508 298 1540 hausta
322 1518 397 1540 esse
421 1509 605 1541 viderentur.
651 1509 741 1548 Quas
765 1514 828 1541 tres
851 1509 1058 1547 quaestiones
1082 1518 1151 1541 cum
1176 1509 1247 1540 inde
1270 1518 1288 1540 a
1312 1518 1341 1547 p.
1365 1513 1383 1540 8
1406 1517 1509 1547 usque
1532 1509 1572 1541 ad
1596 1517 1625 1547 p.
1642 1513 1681 1541 49
1704 1509 1769 1541 dis-

82 1551 250 1588 putatione,
275 1556 304 1581 ut
327 1551 458 1586 solebat,
482 1552 687 1582 subtilissima
714 1552 1014 1589 accuratissimaque
1049 1551 1283 1589 profligavisset
1318 1555 1347 1582 et
1369 1551 1409 1582 ad
1433 1551 1547 1582 exitum
1570 1551 1767 1587 adduxisset,

82 1600 144 1621 non
169 1592 266 1621 modo
291 1591 453 1623 Ribbeckii
478 1593 517 1622 de
541 1592 701 1623 Servianis
726 1593 957 1623 commentariis
982 1593 1129 1629 prolatam
1153 1592 1338 1622 sententiam
1361 1596 1456 1622 totam
1480 1592 1630 1626 refutavit,
1660 1600 1770 1624 verum

84 1631 175 1662 etlam
200 1632 265 1662 illas
288 1632 377 1669 quasi
401 1633 631 1664 fundamentum
666 1633 827 1670 quoddam
863 1633 976 1670 posuit,
1014 1633 1062 1663 cui
1101 1633 1298 1664 coniecturas
1336 1633 1490 1670 quasdam
1528 1636 1768 1670 superstrueret,

84 1673 199 1711 quibus
225 1673 361 1711 probatis
386 1674 425 1705 de
449 1674 687 1712 quaestionibus
712 1674 865 1705 nonnullis
889 1674 928 1705 ad
952 1673 1096 1705 Servium
1121 1674 1253 1712 eiusque
1277 1674 1520 1705 commentarios
1544 1673 1768 1712 pertinentibus

83 1715 198 1745 rectius
223 1715 347 1745 iudicari
373 1720 493 1752 posset.
537 1716 641 1753 Atque
664 1715 742 1747 haec
767 1716 869 1747 omnia
894 1724 1032 1747 enarrare
1056 1716 1182 1753 longum
1207 1719 1271 1751 est;
1295 1715 1388 1747 nobis
1411 1715 1489 1746 satis
1512 1715 1551 1746 sit
1574 1724 1770 1757 commemo-

83 1765 173 1786 rasse
199 1765 244 1790 ea,
268 1765 348 1793 quae
372 1756 462 1787 Thilo
486 1758 503 1787 l.
526 1758 543 1787 l.
569 1766 597 1794 p.
626 1762 659 1788 16
695 1758 867 1795 pronuntiat
905 1761 961 1788 *ne
996 1757 1120 1794 cognita
1153 1757 1281 1795 quidem
1317 1757 1416 1788 fuisse
1452 1755 1553 1788 Servii
1591 1761 1770 1789 commenta

82 1796 314 1827 Saturnaliorun
339 1798 498 1835 scriptori*
526 1801 555 1828 et
578 1806 660 1834 quae
684 1799 712 1828 in
736 1799 796 1828 t'ine
821 1799 914 1829 totius
938 1798 1157 1835 disputationis
1181 1798 1285 1835 posuit
1308 1798 1338 1833 (l.
1361 1799 1378 1828 l.
1402 1807 1432 1835 p.
1449 1801 1514 1833 53):
1540 1798 1629 1828 “illud
1652 1801 1770 1829 certum

86 1842 115 1869 et
139 1837 292 1868 Macrobii
316 1838 400 1869 libris
424 1839 614 1876 exploratum
639 1838 775 1870 Danielis
798 1840 1008 1871 additamenta
1030 1842 1144 1870 tantum
1167 1847 1229 1870 non
1253 1839 1356 1870 omnia
1385 1847 1424 1869 ex
1450 1838 1645 1876 antiquorum
1680 1839 1770 1870 inter-

85 1884 205 1916 pretum
229 1880 460 1910 commentariis
485 1880 577 1917 petita
601 1889 690 1911 esse:
724 1881 775 1918 qui
799 1885 896 1912 utrum
920 1880 1082 1918 diligenter
1106 1880 1146 1911 ab
1180 1880 1449 1918 interpolatoribus
1482 1880 1674 1918 transscripti
1707 1880 1769 1912 sint

79 1928 190 1954 necne,
216 1920 266 1951 ubi
290 1920 443 1951 Macrobii
466 1921 636 1952 aliorumve
659 1921 837 1952 testimonia
860 1930 921 1952 non
945 1925 1080 1959 possunt
1109 1922 1249 1957 conferri,
1285 1930 1324 1952 ex
1347 1922 1444 1952 forma
1475 1921 1586 1952 scholii
1615 1925 1644 1952 et
1666 1921 1769 1952 habitu

83 1962 156 2000 ipso
180 1962 317 1993 iudicare
342 1962 443 1993 coacti
467 1971 588 1994 sumus.
612 1963 840 2001 neglegentiam
863 1968 967 1995 autem
990 1963 1240 2001 interpolatorum
1263 1971 1334 1994 cum
1358 1963 1386 1993 in
1415 1971 1454 1994 eo
1478 1962 1611 1993 maxime
1634 1962 1770 2000 positam

82 2012 160 2034 esse
185 2004 433 2040 probaverimus,
457 2004 543 2042 quod
567 2004 744 2036 testimonia
766 2005 805 2036 ab
828 2005 1008 2037 auctoribus
1032 2005 1099 2036 suis
1122 2004 1244 2036 laudata
1267 2004 1397 2035 omissis
1420 2004 1606 2042 scriptorum
1640 2003 1770 2035 nomini-

82 2045 143 2075 bus
182 2049 366 2082 repeterent,
404 2045 549 2076 librorum
572 2046 612 2076 de
641 2046 818 2083 antiquitate
853 2046 959 2084 populi
995 2045 1124 2076 Romani
1143 2046 1187 2076 vin
1221 2045 1326 2083 primis
1364 2045 1524 2082 rebusque
1560 2045 1769 2082 grammaticis

82 2086 269 2123 scriptorum
295 2087 463 2124 permultas
487 2087 632 2123 reliquias
656 2087 684 2117 in
706 2087 925 2118 additamentis
949 2087 1006 2117 illis
1033 2087 1127 2117 latere
1150 2087 1347 2117 manifestum
1370 2086 1445 2117 est.¹‘
1496 2085 1527 2116 In
1557 2085 1667 2117 eadam
1696 2094 1770 2117 sen-

82 2128 176 2159 tentia
199 2128 338 2165 repetitis
362 2128 475 2160 iisdem
497 2128 687 2166 argumentis
712 2129 842 2166 perstitit
857 2128 949 2160 Thilo
972 2128 1001 2159 in
1018 2128 1208 2167 praefatione
1226 2127 1370 2160 editioniS
1386 2135 1464 2160 suae
1485 2130 1528 2166 (p.
1543 2126 1770 2164 XXII—XXV)

76 2177 181 2206 neque
195 2168 364 2206 Hugonis
378 2169 445 2200 Lin
455 2170 476 2200 k
486 2167 530 2204 e⁸>
540 2175 591 2200 aut
608 2169 635 2200 G
645 2170 764 2207 eorgii
779 2167 1035 2205 Wissowae4),
1051 2170 1186 2201 virorum
1200 2170 1456 2201 doctissimorum
1468 2169 1769 2206 Vratislaviensium‚

77 2210 395 2241 commentationibus
430 2219 510 2248 quas
547 2211 586 2241 de
610 2210 764 2241 Macrobii
788 2210 1028 2242 Saturnaliorum
1052 2211 1188 2242 tontibus
1211 2211 1413 2248 scripserunt,
1441 2213 1620 2241 commotus
1649 2213 1706 2244 est,
1739 2213 1772 2241 ut

77 2250 135 2281 illis
160 2251 352 2282 concederet
376 2260 413 2282 ea
435 2260 517 2289 quae
542 2251 733 2288 plenioribus
757 2251 840 2283 libris
863 2261 935 2283 cum
958 2251 1170 2283 Saturnalibus
1194 2252 1371 2283 communia
1388 2255 1507 2286 essent,
1532 2259 1571 2282 ex
1586 2250 1634 2281 his
1650 2250 1680 2281 in
1696 2250 1766 2282 illos

75 2292 221 2323 translata
245 2300 331 2323 esse.
376 2292 480 2330 ltaque
504 2292 605 2327 Thilo,
640 2296 671 2324 ut
694 2292 725 2324 id
759 2294 859 2324 semel
887 2297 981 2332 atque
1015 2293 1122 2325 iterum
1157 2293 1269 2329 dicam,
1304 2301 1411 2324 eorum
1445 2292 1617 2324 sententias
1651 2291 1767 2327 reiecit,

226 2371 247 2402 ι)
265 2373 344 2397 Praes.
363 2374 400 2398 ed.
418 2374 486 2397 Serv.
504 2381 528 2403 p,
546 2374 768 2397 XLVIII—LXVI
786 2378 809 2396 et
827 2382 851 2404 p.
869 2375 1111 2398 LXXVII—XCIII.

223 2404 245 2432 ²1
264 2406 441 2435 Prolegomena
460 2407 539 2430 critica
557 2407 587 2429 ad
606 2407 634 2432 P.
654 2407 745 2437 Vergili
763 2407 867 2430 Maronis
894 2414 968 2437 opera
996 2409 1085 2431 maiora
1106 2408 1199 2438 scripsit
1227 2409 1285 2431 Otto
1313 2407 1432 2435 Ribbeck,
1459 2406 1532 2436 Lips.,
1558 2405 1669 2428 Teubner
1697 2405 1770 2433 1866.

73 2447 97 2469 p.
118 2439 296 2502 ¹01-125.H‚
315 2473 401 2501 Linke,
419 2474 570 2504 quaestiones
583 2452 619 2496 vde
637 2474 753 2496 Macrobii
772 2474 959 2497 Suturnaliorem
977 2475 1091 2502 sontibus,
1110 2475 1208 2498 Breslau
1227 2474 1298 2499 1880.

223 2505 245 2537 ⁴)
264 2507 294 2532 G.
314 2507 440 2535 Wissowa,
458 2507 489 2530 de
507 2507 624 2530 Macrobii
642 2507 759 2533 Saturnal.
780 2507 885 2531 fontibus
904 2508 982 2538 capita
1000 2508 1045 2532 111.
1079 2508 1177 2531 Breslnu
1198 2508 1270 2534 1880.
