1875 2656
896 144 929 171 13

123 260 251 293 Summa
274 261 414 292 locorum
496 259 626 291 Summa
647 261 787 293 locorum
869 262 996 294 Summa
1019 264 1154 295 omnium

163 302 367 340 genuinorum
489 301 579 332 uncis
602 302 791 333 inclusorum
939 304 1079 335 locorum

246 473 281 499 18
622 472 661 499 30
1000 473 1039 499 48
1248 470 1408 501 Librorum
1431 470 1504 500 tituli
1527 469 1725 507 adponuntur

241 564 279 590 84
620 564 658 590 90
982 564 1036 589 174

219 674 284 705 liae
307 674 495 705 calculorum
518 674 728 705 subductione
752 674 889 705 omnium
912 674 1050 704 locorum
1075 673 1327 704 Varronianorum
1352 674 1421 711 plus
1445 673 1602 704 dimidiam
1631 677 1748 711 partem

69 716 108 746 ab
132 716 349 753 interpolatore
374 715 545 751 profectam
569 724 645 746 esse
670 715 805 746 efficitur.
851 714 1014 745 Praeterea
1037 714 1178 745 Servium
1206 715 1233 745 in
1261 715 1403 745 librorum
1431 714 1523 745 titulis
1546 714 1747 751 adponendis

69 757 163 787 multo
181 756 353 793 parciorem
376 755 475 785 fuisse
499 756 571 786 inde
590 756 747 787 videmus.
781 755 886 793 Quare
909 759 959 786 aut
981 756 1227 792 interpolatorem
1252 764 1290 785 ex
1304 755 1505 792 amplioribus
1529 755 1665 785 fontibus
1689 763 1748 785 sua

68 797 215 828 hausisse
243 800 294 827 aut
321 795 465 827 Servium
499 797 527 827 in
561 797 640 828 locis
671 796 889 828 exscribendis
919 796 1183 834 neglegentiorem
1216 796 1312 827 fuisse
1346 800 1489 834 putemus
1517 803 1656 826 necesse
1688 799 1746 826 est.

69 838 200 869 Servius
223 841 325 868 autem
349 846 442 875 quam
470 847 530 868 non
559 839 598 869 sit
620 839 733 869 multus
756 838 785 869 in
808 837 1005 868 Varronianis
1031 837 1192 875 exemplis,
1223 846 1261 868 ex
1285 846 1322 868 eo
1350 838 1437 868 facile
1461 837 1621 875 colligitur,
1648 837 1746 874 quod,

66 880 93 910 si
120 879 286 910 Aeneidos
316 877 489 910 Bucolicon
520 879 700 917 Georgicon
735 880 830 910 libros
866 883 967 910 12437
995 887 1109 909 versus
1143 879 1298 909 continere
1332 885 1414 909 recte
1448 878 1745 916 computaverimus,

67 920 208 950 centenis
232 920 402 956 sexagenis
425 920 520 950 ternis
543 921 689 951 versibus
713 920 897 957 Vergilianis
921 920 1043 957 singula
1070 920 1212 956 exempla
1235 920 1429 954 Varroniana‚
1452 929 1470 950 a
1493 918 1606 950 Servio
1633 919 1743 954 adlata,

65 961 152 992 tribui
181 964 332 998 poterunt.
375 960 480 997 Atque
503 961 616 998 quibus
647 969 685 991 ex
715 961 851 991 fontibus
882 965 911 991 et
934 960 1065 992 Servius
1096 964 1125 991 et
1153 961 1347 997 interpolator
1375 969 1433 991 sua
1463 960 1627 995 hauserint,
1662 968 1744 990 nunc

66 1003 124 1032 iarn
149 1010 210 1032 non
215 1001 291 1039 ⁴,inisi
315 1001 493 1032 coniectura
515 1002 645 1039 assequi
670 1010 853 1039 possumus,
877 1010 1065 1039 quamquam
1089 1002 1236 1038 permulta
1252 1002 1393 1039 exempla
1410 1010 1448 1032 ex
1463 1001 1743 1039 grammaticorum,

66 1043 214 1080 permulta
242 1050 280 1073 ex
307 1046 501 1073 vetustorum
532 1042 768 1073 scholiastarum
797 1043 881 1073 libris
912 1046 941 1073 et
967 1042 1007 1073 ad
1031 1041 1173 1073 Servium
1198 1046 1226 1072 et
1248 1042 1286 1073 ad
1316 1043 1563 1079 interpolatorem
1588 1042 1743 1079 migrasse

64 1084 122 1114 iam
152 1091 207 1120 per
229 1091 266 1113 se
290 1083 411 1113 videtur
434 1084 594 1120 probabile
624 1092 714 1119 esse:
742 1092 845 1121 neque
874 1084 954 1114 enim
977 1087 1139 1120 utrumque
1162 1083 1251 1120 ipsos
1275 1083 1418 1114 Varronis
1441 1083 1536 1114 libros
1560 1083 1743 1120 inspexisse

66 1124 223 1161 suspicor.
257 1123 335 1154 Nam
352 1124 550 1162 interpolator
565 1125 694 1162 saepius
712 1124 882 1155 Varronem
898 1124 1030 1155 adiectis
1046 1124 1172 1154 aliorum
1188 1124 1371 1155 testimoniis
1390 1124 1500 1159 laudat,
1521 1127 1552 1155 ut
1568 1123 1617 1160 [A.
1634 1123 1653 1158 Ι,
1670 1123 1741 1160 415]

69 1165 183 1195 “Varro
218 1169 247 1195 et
281 1165 384 1202 plures
419 1165 580 1200 referunt'*‚
613 1165 661 1201 [A.
685 1165 727 1200 ΙΙΙ,
756 1165 800 1201 12]
831 1165 945 1196 “Varro
981 1169 1011 1195 et
1043 1165 1090 1196 alii
1124 1165 1299 1202 complures
1332 1165 1519 1199 adfirmant“,
1548 1164 1601 1200 [A.
1624 1164 1667 1199 ΙΙΙ,
1690 1164 1741 1201 85]

68 1206 205 1236 *tradunt
237 1206 329 1240 multi,
364 1206 439 1236 inter
471 1215 553 1243 quos
589 1210 617 1236 et
641 1206 767 1240 Varro“,
798 1206 846 1242 [A.
869 1206 911 1236 ΙΙΙ.
940 1205 1006 1241 113]
1044 1206 1117 1240 “alii,
1150 1206 1230 1236 sicut
1259 1205 1353 1236 Varro
1385 1210 1413 1236 et
1436 1205 1562 1236 Verrius
1597 1204 1741 1240 Flaccus,

65 1246 199 1280 dicunt“‚
235 1245 283 1281 [A.
306 1246 355 1280 Xl,
379 1245 449 1282 306]
481 1246 595 1277 ‘Varro
631 1250 660 1277 et
691 1247 784 1277 ceteri
814 1247 948 1281 dicunt“;
984 1245 1093 1277 Bucol.
1117 1246 1188 1280 Vlll.
1211 1250 1250 1277 99
1280 1246 1381 1283 “quod
1414 1250 1443 1276 et
1467 1246 1563 1276 Varro
1596 1250 1625 1276 et
1657 1246 1741 1276 multi

65 1286 235 1323 scriptores
262 1286 325 1317 fieri
350 1286 583 1324 deprehensum
612 1287 801 1321 adfirmant“.
846 1287 971 1324 Quodsi
1001 1287 1225 1324 interpolatoris
1254 1287 1431 1317 memoriam
1454 1286 1674 1317 Varronianam
1700 1287 1740 1317 ad

64 1327 234 1358 vetustiora
257 1327 386 1363 scholia,
417 1336 456 1359 ex
479 1328 594 1365 quibus
622 1328 752 1359 omissis
779 1328 847 1359 aliis
870 1337 950 1365 quae
984 1328 1147 1359 exstabant
1176 1328 1326 1365 exemplis
1350 1327 1537 1358 Varroniana
1563 1331 1678 1358 tanturn
1700 1328 1741 1358 ad

63 1369 206 1406 speciem
222 1369 365 1400 lectionis
382 1370 459 1400 satis
475 1370 619 1407 antiquae
635 1370 841 1401 simulandam
858 1369 906 1400 ille
923 1369 1099 1407 exscripsit,
1114 1369 1337 1404 revocaverim,
1349 1368 1429 1400 haud
1445 1368 1514 1400 scio
1530 1377 1569 1399 an
1583 1368 1740 1399 averitate

62 1418 124 1440 non
146 1410 365 1441 aberraverim.
410 1410 543 1442 Prorsus
566 1411 623 1441 alia
648 1415 696 1442 est
712 1410 813 1443 Servii
836 1411 919 1446 ratio,
942 1419 1037 1448 quem
1061 1419 1277 1448 nonnunquam
1308 1410 1397 1441 etiam
1420 1410 1623 1441 vetustiorum
1646 1414 1740 1448 atque

62 1451 220 1481 meliorum
236 1455 396 1482 auctorum
413 1452 523 1489 copias
540 1452 569 1482 in
585 1460 676 1483 usum
692 1460 784 1483 suum
801 1452 999 1483 convertisse
1016 1453 1081 1483 veri
1098 1456 1146 1482 est
1162 1452 1355 1483 simillimum.
1382 1451 1579 1489 Quapropter
1594 1450 1740 1481 Servium

62 1500 173 1529 magna
197 1500 235 1522 ex
259 1496 344 1529 parte
368 1493 598 1524 commentariis
616 1492 810 1530 Vergilianis‚
833 1493 934 1530 aliqua
958 1501 997 1523 ex
1014 1497 1099 1530 parte
1122 1493 1342 1530 antiquioribus
1358 1492 1545 1526 auctoribus,
1568 1500 1652 1529 quos
1669 1492 1739 1529 ipse

60 1532 176 1570 legerit,
201 1533 381 1570 praesertim
401 1534 453 1564 ubi
468 1534 654 1571 scriptorum
671 1534 816 1572 exempla
832 1534 975 1565 librorum
997 1534 1089 1565 titulis
1106 1534 1234 1565 laudatis
1250 1534 1373 1568 adferat,
1397 1542 1455 1564 sua
1470 1533 1587 1564 debere
1604 1533 1739 1564 conicio.

61 1573 165 1611 Atque
188 1583 226 1605 ne
250 1575 460 1605 coniecturam
489 1579 626 1606 nostram
654 1575 724 1606 nulli
751 1575 951 1606 fundamento
975 1575 1227 1613 superstruxisse
1250 1575 1364 1609 videar.
1392 1575 1583 1605 documento
1606 1574 1678 1605 mihi
1700 1574 1740 1605 sit

59 1614 98 1644 A.
122 1614 169 1649 Vl,
194 1619 263 1650 638,
298 1615 349 1646 ubi
376 1614 508 1647 Servius
538 1616 578 1647 de
604 1616 792 1647 “amoenus“
818 1616 911 1647 vocis
944 1616 1171 1654 significatione
1205 1616 1329 1647 disserit
1352 1615 1489 1646 Varrone
1524 1619 1553 1646 et
1582 1614 1739 1646 Carminio

58 1655 89 1684 in
111 1656 321 1687 testimonium
344 1657 481 1691 vocatis:
510 1657 583 1687 dicit
611 1657 691 1687 enim
717 1657 766 1688 “ut
788 1657 885 1688 Varro
908 1661 937 1687 et
960 1656 1134 1688 Carminius
1158 1658 1302 1688 docent“.
1347 1656 1392 1687 De
1416 1657 1529 1687 eadem
1552 1664 1584 1687 re
1607 1655 1739 1687 Servius

59 1695 118 1726 iam
140 1696 221 1727 Aen.
239 1696 275 1733 V,
298 1701 357 1728 734
380 1701 488 1728 neutro
512 1698 604 1728 citato
626 1698 848 1736 disputaverat.
883 1696 996 1729 Servio
1015 1702 1117 1729 autem
1134 1697 1302 1728 Varronem
1324 1697 1426 1734 ipsum
1449 1697 1489 1728 ad
1512 1705 1624 1728 manus
1640 1697 1739 1727 fuisse

60 1736 150 1774 plane
172 1737 315 1770 abhorret
330 1747 349 1769 a
363 1738 455 1770 simili
471 1739 554 1775 veri;
577 1739 671 1770 immo
689 1738 820 1771 Servius
835 1739 982 1770 Varronis
999 1740 1176 1777 exemplum
1192 1747 1262 1770 cum
1279 1739 1308 1769 in
1324 1737 1467 1769 Carminii
1484 1738 1739 1769 commentatoris

59 1777 224 1815 Vergiliani
248 1780 350 1817 copiis
373 1780 557 1815 invenisset,
582 1781 672 1817 quasi
695 1781 765 1817 ipse
788 1781 929 1818 legisset,
954 1782 1105 1817 posuisse
1125 1780 1336 1811 aestimandus
1352 1780 1482 1814 videtur,
1506 1788 1577 1810 cum
1593 1778 1740 1810 Carminii

58 1826 173 1864 nomen
206 1823 237 1850 ut
269 1820 393 1851 alterius
420 1821 581 1858 scriptoris
615 1821 656 1852 de
690 1821 805 1852 eodem
838 1825 1020 1858 argumento
1048 1821 1233 1859 exponentis
1267 1820 1468 1851 adscriberet.
1512 1820 1598 1851 Idem
1625 1819 1739 1851 Servio

56 1859 178 1895 accidit,
202 1869 272 1893 curn
296 1860 413 1900 Georg.
437 1861 479 1898 ΙΙΙ,
503 1866 542 1893 24
565 1861 605 1894 de
628 1861 745 1894 theatro
767 1861 910 1897 Romano
933 1862 1096 1894 disserens
1120 1862 1249 1894 diceret:
1275 1861 1377 1899 “quod
1394 1860 1491 1892 Varro
1515 1865 1545 1892 et
1567 1860 1739 1893 Suetonius

57 1904 333 1934 commemorant¹‘.
388 1903 533 1935 Servium
572 1904 653 1935 enim
687 1903 827 1935 Suetonii
860 1904 973 1936 scrinia
1005 1905 1135 1943 saepius
1168 1904 1359 1942 compilasse
1394 1911 1434 1934 ex
1466 1902 1739 1939 Reifferscheidi*)

55 1942 304 1978 quaestionibus,
335 1952 415 1981 quas
439 1945 480 1975 de
503 1944 656 1975 Suetonio
688 1945 822 1979 instituit,
858 1945 993 1982 egregiis
1024 1945 1277 1976 manifestissime
1307 1945 1452 1975 effectum
1482 1948 1540 1980 est,
1564 1945 1604 1975 cf.
1626 1945 1644 1974 l.
1667 1945 1685 1974 l.
1709 1953 1739 1981 p⁴

55 1986 125 2013 416.
147 1987 217 2014 445.
245 2001 276 2004 —
301 1983 450 2016 Ceterum
483 1993 501 2016 a
524 1984 663 2016 Varrone
696 1985 864 2016 discedere
899 1993 1035 2023 nequeo,
1067 1986 1140 2023 quin
1169 1985 1332 2016 Aeneidos
1366 1985 1462 2015 libros
1495 1984 1516 2015 Ι.
1540 1984 1590 2015 VI.
1613 1984 1675 2015 Vll.
1710 1989 1740 2015 et

55 2021 238 2061 Georgicon
264 2025 361 2057 libros
388 2025 420 2057 ΙΙ.
443 2025 486 2057 ΙΙΙ.
509 2026 560 2057 Ν.
583 2026 666 2057 0111111
695 2034 809 2058 vacare
837 2026 1081 2064 interpolatione,
1111 2030 1217 2058 contra
1238 2025 1403 2057 Aeneidos
1431 2026 1528 2057 libros
1555 2025 1575 2057 I.
1598 2025 1642 2057 lll.
1665 2025 1739 2057 VIII.

56 2067 86 2094 et
103 2063 284 2103 Georgicon
306 2067 414 2098 librum
430 2066 450 2098 Ι.
467 2067 605 2104 plurimis
628 2067 785 2098 abundare
809 2067 1096 2105 interpolationibus
1112 2068 1271 2099 Servianis
1288 2067 1426 2098 dixerim.
1463 2067 1519 2098 His
1542 2068 1583 2099 de
1599 2067 1739 2099 Varrone

54 2103 220 2142 disputatis
243 2107 302 2138 iarn
325 2111 521 2139 transeamus
543 2108 584 2139 ad
607 2107 756 2139 Plautum.

202 2175 230 2202 2.
252 2171 366 2205 Titus
394 2172 568 2205 Maccius
596 2173 766 2206 Plautus.

201 2228 351 2267 Singulos
373 2231 466 2262 locos
483 2230 666 2267 Servianos,
690 2233 743 2269 qui
765 2233 805 2264 ad
821 2232 961 2263 Plautum
984 2237 1137 2270 spectant,
1160 2233 1189 2262 in
1211 2232 1352 2270 singulas
1375 2232 1496 2263 fabulas
1517 2232 1738 2268 distribuimus,

52 2271 84 2314 ut
107 2268 196 2301 facile
219 2275 476 2310 cognosceretur,
500 2280 580 2310 quas
604 2272 773 2311 praecipue
800 2273 920 2305 fabulas
949 2277 979 2305 et
1000 2273 1145 2312 quotiens
1169 2272 1300 2304 Servius
1322 2276 1417 2311 atque
1444 2273 1513 2304 eius
1540 2274 1739 2311 interpolator

51 2317 122 2342 sive
150 2315 307 2349 auctores,
340 2313 456 2352 quibus
485 2317 615 2352 uterque
648 2323 726 2347 usus
761 2319 819 2351 est,
854 2315 1079 2348 laudavissent.
1122 2314 1221 2346 Etiam
1244 2314 1384 2346 Plautum
1413 2314 1475 2347 hoc
1507 2315 1579 2347 solo
1612 2315 1737 2346 nomine

50 2354 165 2384 testem
187 2354 298 2385 adferri
321 2355 513 2387 monendum
535 2355 666 2387 videtur.

73 2504 79 2509 ⁵
198 2474 224 2504 ¹⁸¹)
242 2476 270 2499 C.
281 2476 381 2500 Saetoni
391 2477 523 2507 Tranquilli
541 2481 635 2508 praeter
652 2466 780 2502 cae-mm
796 2478 871 2502 libros
888 2478 1001 2509 reliquiae
1019 2478 1057 2504 ed.
1075 2479 1106 2502 Α.
1118 2478 1308 2507 Reifferscheid5
1325 2478 1385 2502 inest
1402 2478 1451 2502 vita
1468 2478 1568 2501 Terenti
1584 2485 1599 2500 ι
1615 2477 1735 2501 Friderico

48 2503 179 2529 Ruscheuo
197 2509 323 2532 ema-‚udan
339 2513 410 2539 utque
429 2515 545 2539 enarr-tn,
562 2511 621 2542 Lips
641 2511 712 2536 1860.
