1875 2656
891 123 925 150 19

221 216 325 249 Pauca
360 217 522 252 habemus,
558 225 639 254 quae
675 215 744 248 huic
779 217 871 249 indici
903 218 1104 250 subiciamus.
1162 216 1349 249 Ciceronem
1386 216 1522 248 omnium
1558 216 1746 255 scriptorum

74 258 290 294 Romanorum,
319 268 450 296 quorum
472 257 603 289 Servius
630 257 727 288 adfert
754 259 937 294 testimonia,
971 259 1106 297 plurimis
1138 259 1217 290 locis
1246 260 1400 290 laudatum
1434 267 1519 292 esse,
1552 259 1579 289 si
1606 258 1744 295 reliquos

72 302 217 331 auctores
241 299 482 337 comparaveris,
505 306 567 329 non
590 298 731 336 negabis.
774 298 823 329 Ac
851 299 956 330 mirum
979 299 1107 338 quidem
1134 303 1191 334 est,
1221 300 1307 337 quod
1329 298 1470 333 Servius,
1494 307 1589 337 quem
1617 299 1743 330 omnino

73 341 103 372 in
134 341 276 373 librorum
309 341 401 373 titulis
428 339 591 371 laudandis
625 339 841 377 parcissimum
875 349 949 372 esse
978 341 1271 376 demonstravimus,
1306 341 1441 378 plurimis
1469 339 1634 371 Ciceronis
1663 340 1743 371 locis

72 383 174 414 titulos
201 383 362 420 adposuit;
396 381 587 419 saepissime
614 385 715 412 autem
749 382 904 413 orationes
927 382 1073 414 Verrinae
1107 382 1206 420 plenis
1233 382 1324 413 titulis
1355 386 1516 420 ponuntur.
1561 381 1744 413 Orationum

74 424 153 455 enim
189 424 322 455 lectione
356 422 486 454 Servius
523 422 656 453 maxime
693 422 864 453 delectatus
901 424 929 454 in
966 424 1070 461 primis
1105 423 1258 456 Verrinas.
1293 423 1493 457 Catilinarias,
1531 423 1742 456 Milonianam‚

73 464 293 499 Murenianam,
324 467 355 495 ut
388 472 458 495 cum
491 461 604 494 Servio
637 463 754 500 loquar,
787 463 897 494 laudat.
951 464 996 494 Ex
1033 463 1215 501 reliquorum
1250 463 1413 494 Ciceronis
1447 472 1577 501 operum
1614 472 1743 494 numero

73 505 245 541 Rhetorica,
279 505 472 540 Hortensius,
507 503 706 535 Tusculanae
743 504 978 542 disputationes,
1012 504 1229 536 Oeconomica
1264 505 1454 542 saepissime
1492 504 1626 536 exhibita
1662 508 1743 535 sunt.

72 547 176 585 Atque
208 551 240 578 ut
267 546 367 578 Servii
397 546 471 577 ratio
504 545 616 577 citandi
650 545 772 583 penitus
805 550 1021 583 cognoscatur,
1052 555 1114 577 non
1146 550 1286 577 tacemus
1314 545 1456 577 Servium
1490 546 1519 576 in
1552 546 1743 576 orationibus

73 588 203 620 citandis
226 589 407 626 plerumque
429 587 587 618 adiectivo
609 595 627 617 a
650 586 826 618 nominibus
849 588 978 625 propriis
1000 587 1139 619 derivato
1169 596 1258 618 usum
1287 596 1372 620 esse.
1403 591 1433 618 ut
1459 586 1513 617 “C.
1537 587 1566 617 in
1588 586 1743 621 Sestiana,

74 629 249 665 Scauriana,
279 629 445 664 Rosciana,
475 628 678 663 Deiotariana,
709 627 914 663 Fundaniana,
943 628 1131 663 Mureniana,
1159 628 1313 663 Caeliana,
1343 628 1519 662 Miloniana,
1554 628 1582 658 in
1606 627 1743 658 VerrInis

74 669 262 708 Philippicis,
278 669 497 705 Tusculanis“,
520 673 628 707 quater
642 672 757 700 tantum
773 668 851 700 haec
867 670 1028 706 posuisse:
1054 669 1108 700 “C.
1128 678 1182 707 pro
1198 669 1326 705 Scauro,
1352 678 1380 707 p.
1397 669 1524 703 Milone,
1548 669 1576 699 in
1593 669 1743 700 Pisonem

73 711 102 742 in
118 711 276 742 Verrem&
312 712 381 742 Alia
404 715 453 742 est
468 710 569 742 Servii
592 710 666 741 ratio
689 710 718 740 in
741 710 865 747 reliquis
882 709 1042 741 Ciceronis
1065 711 1212 748 operibus
1232 711 1419 745 adierendis,
1443 710 1558 748 quibus
1577 710 1624 741 “in
1646 710 1740 741 libro·

73 756 123 783 aut
148 753 194 783 “in
216 752 316 783 libris“
343 752 508 790 praemisit,
532 752 616 782 velut
641 751 688 781 “in
710 751 793 781 libris
817 751 857 782 de
880 752 1043 789 republica,
1071 752 1099 781 in
1121 752 1204 782 libris
1228 752 1267 782 de
1290 752 1419 782 deorum
1449 756 1562 786 natura,
1596 752 1625 781 in
1658 751 1742 781 libris

72 793 206 831 legum“‚
229 793 280 824 vel
306 793 368 824 “in“
395 792 659 831 praepositionem
690 800 761 823 cum
790 792 1050 830 ablativo-ipsius
1079 792 1149 823 tituli
1179 792 1373 823 coniunctam
1402 792 1529 825 addidit.
1561 796 1609 823 ut:
1636 790 1690 822 “C.
1715 792 1743 822 in

73 834 178 869 Arato,
202 835 230 865 in
252 835 367 866 maiore
390 833 520 869 Catone,
544 835 573 865 in
597 833 833 869 Oeconomicis,
857 834 885 865 in
908 833 1100 865 Hortensio&
1145 833 1240 865 Simili
1269 834 1383 865 ratione
1406 837 1520 865 tantum
1543 842 1606 864 non
1630 842 1743 864 omnes

74 876 229 907 orationes
251 876 362 907 laudat.
405 875 436 906 In
468 875 612 906 librorum
635 883 712 906 vero
745 875 880 906 numeris
902 876 1073 906 adiciendis
1096 874 1238 906 Servium
1272 876 1369 906 fuisse
1399 875 1618 912 parcissimum
1653 875 1743 905 etiam

74 917 216 955 exempla
246 925 285 948 ex
307 916 462 948 Cicerone
492 916 585 955 petita
607 916 732 951 docent,
766 925 895 954 quorum
930 924 967 947 ex
1000 924 1127 947 numero
1159 916 1236 947 haec
1263 919 1404 953 quattuor
1425 920 1540 947 tantum
1566 916 1742 947 accuratius

73 958 266 990 exhibentur:
292 958 346 989 “C.
362 958 438 989 libro
453 958 541 989 tertio
558 957 854 993 Oeconomicorum,
871 958 898 988 in
919 958 1014 995 primo
1032 957 1271 993 Rhetoricorum,
1288 958 1317 988 in
1333 957 1431 995 primo
1447 957 1524 989 libro
1537 956 1742 993 Verrinarum,

72 1000 102 1029 in
124 998 348 1030 Tusulanarum
371 999 447 1029 libro
470 999 608 1036 quinto“.
652 998 798 1029 Ceterum
821 998 949 1029 Servius
972 998 1156 1029 Ciceronem
1180 999 1315 1035 plurimis
1338 999 1417 1029 locis
1440 998 1500 1029 hoc
1523 999 1595 1029 solo
1618 999 1743 1029 nomine

73 1040 215 1078 appellat,
238 1040 383 1071 undecim
405 1039 484 1070 locis
508 1039 559 1074 (A.
575 1039 594 1075 Ι,
618 1043 646 1070 2.
666 1043 732 1070 148.
755 1043 824 1071 203.
847 1043 915 1071 269.
938 1044 1004 1070 576.
1027 1043 1095 1071 703.
1118 1038 1148 1073 ΙΙ,
1173 1043 1241 1070 341.
1263 1038 1305 1072 ΙΙΙ,
1329 1043 1397 1069 284.
1421 1043 1490 1070 376.
1514 1039 1551 1074 V,
1575 1044 1643 1070 546.
1668 1038 1707 1070 (i.
1724 1039 1743 1071 1.

77 1083 144 1117 165)
171 1080 349 1116 “Tullium“,
379 1089 440 1112 uno
466 1084 581 1111 tantum
610 1081 682 1111 loco
710 1080 761 1115 (A.
785 1080 803 1116 I,
826 1081 897 1116 203)
923 1080 1069 1111 “Tullium
1098 1079 1301 1111 Ciceronem*
1327 1080 1469 1118 appellat.
1515 1079 1658 1118 Denique
1682 1089 1744 1111 non

74 1131 205 1159 possum
234 1131 296 1152 non
318 1130 564 1153 commemorare
587 1131 605 1152 a
627 1121 740 1153 Servio
768 1122 923 1153 orationes
951 1122 1024 1156 illas,
1048 1131 1066 1152 a
1089 1121 1242 1152 Cicerone
1270 1130 1373 1152 coram
1397 1120 1537 1152 Caesare
1564 1122 1634 1152 sive
1658 1121 1743 1152 domi

73 1163 142 1193 sive
180 1163 207 1193 in
245 1167 355 1193 senatu
391 1162 524 1193 habitas:
568 1162 645 1193 “Pro
678 1162 838 1196 Marcello.
871 1171 900 1200 p.
926 1162 1056 1200 Ligario,
1088 1171 1117 1199 p.
1151 1170 1223 1199 rege
1258 1161 1419 1192 Delotaro“
1456 1162 1613 1192 communi
1648 1163 1742 1196 titulo,

77 1202 316 1234 “Caesarianas“
341 1203 497 1240 appellari.
541 1202 744 1234 Nihilominus
768 1207 874 1234 noster
895 1204 994 1233 locum
1018 1203 1164 1233 orationis
1184 1202 1431 1233 “Deiotarianae“
1456 1203 1564 1233 adfert.
1607 1202 1655 1233 Ex
1678 1212 1743 1240 quo

73 1244 288 1275 concludimus
310 1244 405 1275 tribus
429 1243 485 1274 illis
509 1243 708 1279 orationibus,
736 1252 797 1275 uno
822 1244 976 1275 volumine
1003 1252 1063 1274 una
1086 1243 1185 1278 editis,
1209 1242 1405 1274 Caesarianis
1434 1251 1601 1274 commune
1628 1252 1744 1274 nomen

72 1285 143 1316 olim
166 1285 264 1315 luisse
288 1293 407 1322 easque
430 1284 559 1315 omissis
582 1285 720 1322 ipsorum
748 1285 840 1316 titulis
864 1294 903 1316 ex
924 1285 1057 1315 numeris
1080 1285 1230 1315 titulorum
1252 1285 1324 1315 loco
1346 1284 1476 1315 adiectis
1500 1284 1540 1315 ita
1566 1288 1743 1315 numeratas

74 1334 165 1357 esse:
201 1324 407 1357 “Caesariana
446 1326 550 1363 prima,
589 1326 691 1361 altera,
730 1326 845 1362 tertia“‚
881 1326 1007 1357 easdem
1040 1334 1118 1357 vero
1151 1326 1305 1356 orationes
1341 1326 1464 1363 proprio
1498 1329 1621 1356 ornatas
1658 1326 1744 1356 titulo

72 1367 238 1406 separatim
262 1367 361 1399 editas
385 1375 471 1398 esse.
515 1366 619 1405 ltaque
642 1376 712 1399 cum
735 1367 866 1399 Servius
890 1367 1002 1406 duplici
1025 1367 1138 1398 citandi
1160 1367 1274 1398 ratione
1297 1371 1401 1402 utatur,
1423 1366 1503 1397 hanc
1523 1367 1743 1404 quaestionem

72 1409 112 1440 ita
134 1409 335 1440 dirimendam
359 1417 435 1440 esse
458 1412 542 1447 puto,
571 1413 602 1440 ut
624 1408 766 1440 Servium
791 1418 830 1441 ex
852 1410 974 1441 duobus
998 1409 1134 1440 diversis
1157 1409 1291 1440 fontibus
1314 1417 1371 1439 sua
1394 1408 1540 1439 hausisse
1568 1408 1680 1440 dicam.
1710 1426 1739 1429 —

71 1449 169 1481 Etiam
192 1450 221 1480 in
245 1449 399 1480 Cicerone
421 1450 578 1481 laudando
599 1451 825 1488 interpolatoris
849 1451 923 1481 ratio
945 1450 1052 1481 mirum
1075 1450 1103 1480 in
1126 1450 1253 1481 modum
1276 1450 1374 1481 diflert
1395 1458 1412 1480 a
1434 1448 1557 1480 Servio.
1593 1449 1671 1481 Nam
1696 1450 1744 1481 ille

71 1490 222 1522 minorem
243 1491 382 1521 locorum
405 1498 565 1521 numerum
589 1499 632 1530 ex,
650 1490 813 1522 Ciceronis
836 1500 928 1529 quam
956 1499 994 1521 ex
1016 1491 1202 1528 reliquorum
1224 1499 1306 1528 quos
1328 1491 1525 1521 tractavimus
1549 1491 1744 1528 scriptorum.

72 1531 178 1567 Plauti,
201 1531 357 1566 Varronis,
381 1530 517 1562 Terentii
539 1532 687 1568 operibus
712 1532 887 1570 exscripsit.
931 1531 1042 1569 Neque
1064 1536 1167 1563 tamen
1189 1532 1240 1562 vel
1262 1532 1290 1562 in
1313 1531 1475 1562 Ciceronis
1499 1539 1629 1569 operum
1652 1532 1744 1563 titulis

74 1572 258 1604 exhibendis
281 1572 529 1609 interpolatorem
553 1572 724 1609 parciorem
747 1573 845 1604 fulsse
868 1573 1084 1610 intellegimus,
1115 1582 1185 1604 cum
1210 1581 1248 1603 ex
1269 1577 1351 1603 tanto
1374 1573 1513 1603 locorum
1535 1581 1618 1610 quos
1641 1573 1746 1604 citavit

72 1622 199 1645 numero
221 1616 335 1644 tantum
351 1612 488 1650 quinque
511 1613 663 1650 exemplis
685 1613 756 1644 tituli
774 1614 885 1645 desint.
919 1613 1119 1652 Interpolator
1134 1614 1346 1652 duodeviginti
1369 1614 1553 1651 scriptorum
1570 1612 1745 1649 Ciceronis,

72 1662 152 1692 quae
169 1653 298 1685 Servius
315 1654 580 1689 commemoravit,
602 1654 705 1685 titulos
726 1663 788 1685 non
809 1655 920 1690 laudat,
943 1663 1061 1686 novem
1083 1659 1186 1686 autem
1202 1654 1364 1686 Ciceronis
1380 1655 1475 1685 libros
1491 1655 1598 1689 adfert,
1614 1663 1746 1692 quorum

71 1694 143 1725 tituli
165 1694 249 1731 apud
268 1693 411 1725 Servium
434 1702 497 1725 non
518 1695 667 1732 leguntur.
705 1694 871 1726 Orationes
891 1696 972 1726 duae
995 1699 1110 1726 tantum
1133 1696 1215 1733 apud
1238 1696 1485 1733 interpolatorem
1505 1696 1598 1726 nobis
1620 1696 1747 1726 obviam

71 1735 145 1767 fiunt
166 1734 322 1766 adiectivo
345 1735 470 1766 nomine
492 1735 633 1767 laudatae
653 1735 699 1766 “in
719 1735 884 1771 Rosciana,
908 1736 938 1767 in
961 1735 1186 1768 Comelianis“.
1224 1736 1340 1774 Reliqui
1362 1736 1423 1767 loci
1445 1740 1496 1767 aut
1518 1736 1655 1774 praefixa
1680 1737 1744 1767 “in“

72 1777 314 1815 praepositione,
337 1785 430 1814 quarn
451 1777 524 1809 tituli
547 1777 646 1815 ipsius
669 1786 764 1809 casus
787 1778 939 1810 ablativus
959 1778 1107 1817 sequitur,
1123 1779 1303 1814 adferuntur,
1319 1782 1350 1809 ut
1368 1776 1761 1814 “C.-in-maiofe-Catone„

72 1819 101 1849 in
134 1817 274 1852 Oratore,
307 1818 337 1847 in
370 1817 547 1853 Hortensio,
579 1819 608 1849 in
631 1818 772 1854 Timaeo,
805 1820 835 1850 in
868 1819 1073 1855 Divinatione,
1108 1821 1136 1850 in
1159 1820 1294 1850 Verrinis
1328 1821 1416 1854 etc.“‚
1449 1824 1500 1850 aut
1532 1820 1624 1850 nudis
1655 1820 1748 1851 titulis

72 1858 226 1897 adpositis
243 1858 378 1893 citantur,
394 1862 426 1889 ut
441 1858 496 1890 “C.
513 1859 553 1890 de
570 1858 710 1895 Oratore,
728 1859 787 1890 Pro
805 1859 936 1896 Rabirio,
953 1860 982 1891 in
999 1859 1173 1896 Gabinium,
1190 1860 1236 1891 De
1253 1860 1450 1895 divinatione,
1467 1859 1514 1891 De
1530 1860 1672 1898 legibus“
1689 1865 1748 1891 etc.

74 1900 144 1932 Duo
167 1903 326 1938 praeterea
347 1900 408 1931 loci
430 1900 650 1933 memorabiles
667 1901 810 1933 videntur
833 1910 918 1938 esse,
942 1902 1056 1940 quibus
1073 1901 1186 1934 Cicero
1209 1901 1369 1940 praecisis,
1392 1905 1423 1933 ut
1445 1901 1485 1933 ita
1501 1901 1613 1937 dicam,
1633 1902 1745 1934 “libr0“

72 1942 124 1972 vel
142 1941 260 1972 “libris“
279 1942 414 1973 vocibus
436 1942 484 1973 sic
506 1942 652 1978 laudatur,
676 1946 707 1974 ut
729 1943 810 1974 duae
834 1944 1085 1981 praepositiones
1109 1944 1184 1975 inter
1205 1952 1242 1974 se
1265 1947 1455 1978 concurrant,
1477 1944 1563 1974 velut
1581 1943 1636 1975 “C.
1657 1944 1686 1975 in
1709 1945 1749 1975 de

73 1981 252 2028 Republica,
286 1983 314 2013 in
342 1983 382 2014 de
406 1982 509 2014 Domo
538 1984 625 2018 sua“,
659 1984 689 2015 id
712 1985 799 2022 quod
821 1989 929 2015 noster
950 1986 1032 2016 nullo
1056 1986 1128 2016 iecit
1149 1986 1230 2015 loco.
1276 1984 1391 2019 Restat,
1424 1988 1456 2015 ut
1478 1983 1666 2015 Ciceronem
1689 1985 1751 2016 hoc

73 2023 145 2054 solo
167 2031 292 2054 nomine
314 2023 354 2054 ab
377 2023 594 2062 interpolatore
617 2025 785 2063 nuncupari
808 2025 920 2057 dicam.

110 2114 115 2119 ι
152 2114 157 2119 .
220 2072 519 2119 Quodsirationum
541 2083 559 2105 a
582 2075 674 2106 nobis
697 2075 897 2107 institutarum
919 2084 1060 2107 summas
1082 2076 1256 2111 fecerimus,
1280 2074 1424 2106 Servium
1444 2075 1473 2106 in
1493 2075 1699 2114 scriptoribus
1723 2076 1752 2107 in

73 2122 177 2151 primis
200 2117 380 2159 vetustioris
402 2115 511 2146 aetatis
534 2116 697 2148 laudandis
722 2116 802 2147 haud
824 2117 864 2147 ita
885 2117 1021 2153 multum,
1045 2117 1260 2155 parcissimum
1282 2125 1361 2147 vero
1383 2117 1412 2147 in
1434 2117 1527 2148 titulis
1550 2117 1751 2155 adponendis

73 2155 171 2186 tuisse
198 2155 291 2202 nobis
322 2156 595 2202 persuadebimus.
638 2157 688 2189 Ac
720 2158 748 2189 si
770 2158 841 2195 quis
876 2166 915 2189 ex
948 2158 1041 2189 nobis
1074 2158 1248 2196 quaesierit,
1273 2157 1445 2189 Serviusne
1480 2159 1625 2196 exempla
1659 2163 1752 2196 atque

74 2197 309 2243 explanationes
331 2200 380 2232 ita,
403 2201 435 2229 ut
457 2198 528 2236 ipse
545 2198 698 2235 exhibeat,
722 2199 751 2230 in
773 2199 910 2231 fontibus
927 2208 966 2231 ex
981 2199 1095 2238 quibus
1111 2199 1219 2235 hausit,
1243 2203 1421 2237 comparata
1436 2199 1597 2235 invenerit,
1620 2208 1659 2230 an
1682 2200 1752 2237 ipse

72 2238 130 2273 illa,
148 2246 235 2284 *quae
262 2238 346 2276 apud
368 2242 515 2271 auctores
542 2240 692 2278 ampliora
713 2244 807 2278 atque
834 2241 972 2279 pleniora
999 2241 1133 2279 legebat,
1160 2241 1393 2276 circumciderit,
1421 2249 1481 2272 nos
1505 2240 1649 2273 Servium
1671 2249 1752 2279 quae

73 2278 211 2315 pleniora
245 2279 330 2318 apud
362 2283 508 2312 auctores
545 2281 669 2317 invenit,
707 2290 745 2313 ea
780 2282 977 2313 contraxisse
1010 2287 1102 2320 atque
1138 2290 1243 2312 eorum
1280 2290 1421 2313 summas
1458 2286 1573 2313 tantum
1609 2282 1751 2319 attigisse

73 2321 348 2368 respondebimus.
412 2321 524 2361 Neque
569 2323 650 2354 enim
692 2331 798 2355 sermo
842 2324 1001 2355 verbosus
1050 2323 1268 2361 copiosusque
1317 2323 1473 2355 eiusmodi
1522 2323 1751 2362 commentariis

72 2363 291 2408 conveniebat,
314 2364 376 2402 qui,
399 2367 431 2396 ut
452 2368 557 2396 natura
579 2365 621 2397 rei
641 2365 767 2401 terebat,
791 2374 863 2397 cum
878 2366 918 2397 ad
939 2369 1001 2397 tam
1024 2365 1137 2398 multos
1152 2373 1267 2397 versus
1284 2365 1481 2404 Vergilianos
1506 2365 1751 2399 extenderentur,

72 2411 132 2449 iam
154 2411 211 2441 per
231 2412 269 2435 se
291 2405 368 2436 satis
390 2406 483 2444 ampli
507 2410 625 2438 essent.
669 2406 791 2438 Deinde
813 2406 958 2439 Servium
980 2407 1083 2445 ipsum
1106 2407 1262 2439 sermonis
1286 2408 1421 2445 quadam
1443 2407 1596 2438 brevitate
1620 2406 1753 2444 eleganti

72 2444 188 2491 ubique
221 2453 313 2476 usum
346 2454 423 2478 esse
455 2447 739 2479 animadvertimus.
783 2447 1005 2487 Exemplorum
1037 2452 1140 2480 autem
1166 2449 1406 2480 adterendorum
1439 2448 1515 2479 ratio
1537 2446 1688 2479 Serviana
1713 2448 1753 2478 ab

71 2485 229 2517 hominum
252 2486 416 2519 doctorum
438 2488 517 2520 illius
540 2489 649 2521 aetatis
671 2497 732 2521 usu
754 2498 817 2521 non
838 2489 990 2525 abhorret,
1013 2490 1066 2528 qui
1089 2498 1219 2528 operum
1243 2494 1270 2522 et
1293 2490 1385 2521 titulis
1410 2493 1440 2520 et
1465 2489 1599 2521 numeris
1623 2488 1754 2520 omissis
