1875 2656
887 128 905 156 9

50 231 90 261 A.
107 229 156 264 IV,
180 232 240 259 404
258 224 511 257 “hemistichium
527 223 616 255 Ennii
639 223 679 254 de
703 223 874 261 elephantis
898 224 1023 260 dictum,
1047 233 1110 262 quo
1134 228 1225 255 antea
1239 223 1360 254 Accius
1383 231 1461 254 usus
1486 226 1536 254 est
1558 223 1599 254 de
1622 222 1736 253 Indis“.

51 270 148 310 Quod
181 266 392 300 testimonium
427 264 561 302 antiquis
598 264 827 296 commentariis
862 265 994 297 tribuere
1031 273 1093 296 non
1127 265 1245 296 dubito.
1300 263 1417 296 Contra
1446 264 1486 295 ab
1515 263 1736 301 interpolatore

51 311 170 343 Accius
199 308 329 347 saepius
357 311 460 345 atque,
495 306 523 337 si
545 309 608 337 tres
634 306 799 343 exceperis
821 306 922 342 locos,
952 307 1133 344 plerumque
1158 306 1258 344 plenis
1281 306 1449 337 fabularum
1472 305 1565 337 titulis
1586 305 1627 336 ad
1649 304 1736 336 testi-

51 351 188 382 monium
209 353 349 381 vocatur.
394 347 444 384 [A.
466 347 486 382 1,
510 346 560 383 42]
583 346 780 383 interpolator
802 347 842 377 de
871 347 1027 378 fulminum
1052 348 1222 384 generibus
1246 347 1410 378 disserens
1438 347 1571 378 confusa
1594 346 1735 377 oratione

50 391 219 428 ‚Varronis
233 390 404 423 divinarum
420 387 558 425 quinto“,
574 386 791 418 “Etruscorum
807 387 950 418 librorum
966 388 1006 419 de
1022 388 1234 426 fulguratura“,
1249 387 1373 418 “Accii“
1388 387 1566 418 testimonia
1583 386 1734 425 perhibet.

52 433 140 465 nunc
162 432 266 464 locum
289 429 505 468 interpolatum
528 436 604 460 esse
629 435 668 459 ex
690 428 896 465 sequentibus
919 428 1019 460 Servii
1042 429 1147 460 verbis
1171 429 1259 460 facile
1283 429 1521 467 cognoscimus.
1558 427 1637 459 Nam
1661 435 1733 459 cum

51 474 250 512 interpolator
281 471 457 503 secundum
480 469 652 500 Varronem
678 472 820 506 quattuor
842 469 932 504 deos,
967 470 1059 508 paulo
1088 474 1162 508 post
1189 471 1365 501 secundum
1388 470 1541 501 Etruscos
1568 470 1664 500 libros
1691 469 1732 502 de

52 515 235 552 fulguratura
267 511 436 544 duodecim
470 511 551 542 deos
586 517 662 541 esse
697 509 788 544 dicat,
821 510 934 546 quibus
962 514 993 541 ut
1022 511 1144 541 fulmina
1173 511 1284 541 iaciant
1310 511 1499 548 permissum
1526 511 1575 544 sit.
1599 510 1732 541 Servius

53 555 196 589 eosdem,
229 561 313 591 quos
347 552 553 590 interpolator,
581 550 781 582 Etruscorum
815 550 910 581 libros
938 554 1108 582 antestatus
1136 551 1196 582 hoc
1224 552 1311 583 dicit:
1348 551 1396 582 ‘ln
1421 552 1505 583 libris
1529 551 1731 583 Etruscorum

51 598 164 627 lectum
198 599 246 627 est
278 595 376 626 iactus
409 593 566 625 fulminum
605 592 767 623 manubias
800 591 860 622 dici
894 596 923 623 et
954 596 1038 623 certa
1071 601 1146 624 esse
1183 593 1306 624 numina
1339 593 1537 631 possidentia
1574 592 1732 624 fulminum

51 638 160 671 iactus,
203 639 235 667 ut
274 635 381 667 lovem
415 634 588 665 Vulcanum
625 632 809 663 Minervam.
853 633 1027 664 cavendum
1069 642 1144 671 ergo
1182 638 1238 669 est,
1277 642 1316 665 ne
1352 635 1419 665 aliis
1456 634 1517 665 hoc
1554 634 1731 664 numinibus

52 677 195 708 demus“.
238 676 353 714 Itaque,
390 675 462 706 licet
497 673 642 705 Servium
679 673 830 704 interdum
866 673 1008 705 diversas
1045 682 1096 705 res
1133 683 1171 705 ex
1209 675 1412 712 complurium
1449 679 1610 705 auctorum
1646 674 1731 704 libris

50 718 170 750 adferre
213 717 439 752 concedamus,
483 720 586 747 tamen
627 723 697 746 eum
739 718 800 746 tam
838 715 984 746 contraria
1029 715 1232 753 praecepisse
1276 724 1439 754 negamus,
1483 720 1515 747 ut
1557 716 1631 747 infra
1667 719 1730 746 tres

51 760 142 793 deos,
186 767 280 796 supra
316 762 367 788 aut
403 761 546 794 quattuor
581 760 632 787 aut
664 756 833 786 duodecim
869 756 949 786 deos
987 764 1062 787 esse
1099 757 1221 791 doceat,
1258 758 1372 794 quibus
1409 758 1532 788 fulmina
1569 765 1730 788 concessa

51 800 120 835 sint,
145 799 325 837 praesertim
348 806 419 829 cum
442 797 502 828 sub
525 797 618 828 finem
644 796 701 826 “ne
723 796 789 826 aliis
812 795 872 826 hoc
894 796 1068 827 numinibus
1092 797 1221 828 demus*
1250 798 1413 835 expressis
1436 798 1543 829 verbis
1567 798 1729 828 monuerit.

51 840 264 879 Quamobrem
292 843 355 871 tres
383 839 449 870 illas
477 838 649 870 sententias
682 837 721 868 ab
751 845 812 868 uno
841 837 1017 875 eodemque
1050 842 1175 869 auctore
1209 843 1292 870 ortas
1320 847 1396 870 esse
1420 839 1612 877 persuadere
1636 839 1728 870 nobis

51 890 113 912 non
140 889 324 919 possumus.
352 898 383 901 —
408 879 448 911 A.
470 879 490 913 1.
517 883 573 910 122
596 878 727 910 Servius
751 878 790 909 de
816 877 948 909 “hiems“
975 879 1066 910 vocis
1096 880 1321 917 significatione
1356 881 1499 918 exponit:
1530 881 1598 911 eius
1621 880 1729 911 verbis

50 922 197 953 intrusum
232 926 281 952 est
312 921 403 952 Accii
438 920 625 957 exemplum.
659 937 688 939 —
721 919 769 955 [A.
797 918 845 953 IV,
876 919 944 955 641}
977 919 1096 950 Accius
1130 920 1235 951 citatur
1270 922 1309 951 ab
1341 922 1569 959 interpolatore,
1602 922 1654 958 qui
1688 921 1729 952 de

54 963 264 994 “accelerare“
283 962 371 993 verbi
394 961 622 1000 significatione
645 968 823 992 sermonem
847 960 924 991 facit.
953 977 982 980 —
1010 960 1058 997 [A.
1075 960 1146 996 Vlll,
1168 961 1233 998 130]
1253 961 1429 993 Euandrum
1444 962 1561 994 Atridis
1584 962 1728 993 affinitate

50 1004 247 1035 coniunctum
277 1012 353 1035 esse
383 1003 619 1038 demonstratur,
653 1002 742 1033 cuius
770 1001 811 1032 rei
834 1001 951 1033 Accius
980 1002 1069 1033 testis
1096 1002 1228 1034 adfertur
1255 1003 1301 1034 his
1325 1004 1447 1035 verbis:
1481 1004 1585 1042 “quod
1610 1004 1728 1035 Accius

50 1046 78 1075 in
101 1045 198 1076 Atreo
221 1045 343 1082 plenius
371 1044 490 1075 refert“.
533 1043 635 1074 Totus
664 1043 712 1074 his
739 1044 838 1076 locus,
867 1051 959 1079 quem
988 1051 1027 1073 ex
1053 1043 1149 1074 tribus
1179 1048 1262 1074 certe
1295 1044 1424 1076 scholiis
1452 1046 1618 1076 conflatum
1652 1054 1728 1076 esse

50 1094 152 1116 voces
185 1085 253 1116 illae
287 1086 469 1116 decantatae
506 1084 649 1121 ‘quidam
682 1083 792 1117 aiunt“,
831 1083 895 1113 “alii
931 1083 969 1113 ita
1005 1084 1152 1118 tradunt-3
1191 1085 1255 1115 “alii
1289 1085 1328 1115 ita
1358 1087 1493 1116 narrant“
1529 1086 1728 1123 apertissime

50 1127 272 1161 demonstrant,
294 1126 496 1163 interpolatus
518 1129 576 1156 est.
604 1142 635 1145 —
662 1124 711 1161 [A.
727 1123 787 1155 Χ11.
804 1123 873 1160 605]
898 1132 1012 1158 eorum,
1037 1133 1118 1161 quos
1136 1125 1236 1156 multis
1253 1126 1396 1157 lectionis
1412 1126 1556 1164 antiquae
1573 1126 1728 1164 exemplis

48 1168 206 1199 abundare
233 1176 328 1205 supra
350 1167 494 1201 diximus.
528 1167 668 1198 locorum
699 1169 756 1197 est.
800 1164 928 1196 Servius
951 1164 1011 1196 hoc
1038 1166 1110 1196 1000
1138 1175 1193 1203 pro
1220 1167 1356 1198 “flavos“
1381 1168 1537 1206 antiquam
1560 1168 1729 1199 lectionem

52 1209 182 1240 “floros“
201 1208 351 1240 habuisse
374 1209 456 1240 dicit.
484 1208 685 1246 Interpolator
699 1207 791 1238 adicit
808 1206 940 1237 Probum
954 1206 1033 1238 haec
1049 1207 1234 1239 adnotasse:
1261 1208 1478 1240 “Neotericum
1496 1213 1558 1240 erat
1573 1210 1728 1244 “flavos“;

49 1259 124 1287 ergo
148 1251 229 1281 bene
249 1251 393 1281 “floros“:
417 1250 504 1280 nam“
525 1254 584 1281 etc.
605 1249 718 1280 additis
734 1248 821 1279 hisce
845 1248 1014 1285 exemplis:
1040 1248 1175 1279 “Accius
1199 1250 1226 1279 in
1244 1249 1379 1281 Bacchis
1396 1275 1402 1281 .
1419 1275 1426 1281 .
1443 1275 1450 1281 .
1474 1251 1502 1281 in
1526 1251 1659 1282 iisdem.
1676 1275 1683 1281 .
1701 1252 1724 1281 .“

51 1290 225 1321 “Pacuvius
258 1291 288 1321 in
309 1291 476 1328 Antiopa“.
521 1290 618 1328 Quod
644 1290 683 1321 ad
713 1298 776 1320 rem
803 1289 901 1325 ipsam
928 1289 1040 1322 attinet,
1066 1288 1258 1321 Ribbeckius
1293 1292 1530 1329 (prolegomena
1558 1292 1662 1322 critica
1687 1292 1728 1323 ad

49 1330 82 1361 Ρ.
106 1331 221 1369 Vergili
244 1330 383 1362 Maronis
411 1339 508 1369 opera
537 1331 652 1362 maiora
675 1339 704 1368 p.
732 1330 798 1364 139)
821 1329 974 1366 antiquam
998 1333 1028 1360 et
1049 1338 1155 1360 veram
1178 1331 1344 1362 lectionem
1370 1332 1501 1363 “floros‘
1522 1356 1528 1363 .
1553 1357 1559 1363 .
1584 1356 1590 1362 .
1614 1332 1724 1363 crinis*

49 1372 77 1402 in
101 1372 215 1403 nostris
237 1372 321 1403 libris
337 1376 452 1403 tantum
468 1381 531 1403 11011
554 1372 700 1403 omnibus
717 1370 887 1401 recentiore
909 1370 1042 1401 lectione
1062 1371 1197 1402 “flavos“
1218 1373 1381 1409 expulsam
1396 1382 1415 1403 a
1431 1373 1535 1404 Probo
1552 1374 1728 1404 rectissime

49 1413 260 1444 commendari
284 1413 357 1444 dicit
386 1413 437 1448 (cf.
461 1417 622 1451 praeterea
643 1412 663 1443 1.
686 1411 794 1449 Steup,
825 1411 865 1442 de
888 1410 998 1442 Probis
1020 1412 1238 1449 grammaticis,
1265 1413 1361 1449 Jenae
1388 1419 1474 1449 1871,
1499 1423 1528 1452 p.
1555 1419 1620 1449 102,
1648 1416 1727 1450 103).

48 1453 114 1484 Sed
148 1454 374 1491 qualiscunque
410 1462 460 1485 res
490 1458 547 1489 est,
578 1458 673 1485 totam
700 1453 779 1484 1113111
808 1452 1048 1487 adnotationem,
1082 1453 1150 1484 illos
1179 1454 1321 1485 lectionis
1344 1456 1524 1486 vetustioriS
1548 1456 1642 1486 flores
1666 1464 1728 1486 non

48 1503 66 1524 a
88 1493 211 1530 Servio,
241 1495 301 1526 sed
324 1495 363 1526 ab
386 1495 603 1532 interpolatore
636 1494 788 1528 alicunde,
822 1493 955 1523 fortasse
980 1501 1019 1523 ex
1040 1493 1301 1530 adnotationibus,
1335 1504 1415 1533 quas
1439 1496 1574 1527 Probum
1608 1496 1727 1527 fecisse

47 1538 178 1570 constat,
202 1535 375 1567 demessos
400 1544 475 1567 esse
498 1536 704 1573 suspicamur.
748 1533 808 1577 Cui
829 1533 1071 1571 interpolationis
1095 1535 1269 1572 suspicioni
1297 1540 1422 1567 nostrae
1449 1537 1609 1571 succurrit,
1639 1537 1727 1574 quod

46 1577 150 1607 locum
184 1585 245 1607 non
278 1577 337 1608 nisi
367 1577 396 1607 in
425 1577 497 1608 solo
520 1576 659 1607 Parisino
683 1579 768 1607 7929
797 1580 847 1609 t=
872 1573 906 1604 F.
928 1573 1079 1610 Thilonis,
1109 1576 1146 1606 cf.
1171 1577 1220 1607 ed.
1243 1576 1333 1608 Serv.
1357 1577 1375 1613 1,
1404 1587 1434 1615 p.
1457 1578 1579 1615 XCVII)
1604 1582 1728 1609 exstare

49 1616 242 1649 Ribbeckius
275 1617 379 1656 (Trag.
407 1617 497 1652 Rom.
530 1615 605 1653 rel.²,
640 1626 669 1655 p.
696 1618 764 1652 168)
798 1616 901 1647 docet.
940 1632 970 1635 —
1010 1615 1058 1653 [A.
1082 1616 1100 1651 l,
1123 1617 1173 1653 44]
1208 1618 1247 1648 de
1275 1619 1367 1650 variis
1400 1620 1588 1651 lectionibus
1621 1620 1728 1657 agitur.

46 1657 245 1696 interpolator
267 1659 340 1690 dicit
364 1659 498 1690 Probum
525 1659 700 1696 “tempore“
725 1658 854 1695 legisse,
883 1665 940 1687 eos
962 1661 1075 1692 autem,
1105 1659 1157 1695 qui
1183 1659 1347 1696 “pectore“
1373 1661 1485 1699 legant,
1510 1662 1551 1692 de
1573 1661 1676 1692 Accio
1700 1661 1728 1691 in

47 1698 255 1737 Clytemestra
280 1701 459 1732 translatum
494 1709 569 1732 esse
596 1700 766 1731 adfirmare.
810 1698 866 1729 Hic
888 1698 978 1729 locus
1008 1707 1076 1730 eam
1106 1700 1147 1730 ob
1171 1708 1234 1731 rem
1262 1701 1332 1732 mihi
1356 1702 1448 1734 valde
1471 1707 1645 1740 suspectus
1670 1706 1727 1737 est,

46 1741 133 1777 quod
161 1742 287 1772 omnino
317 1742 410 1773 deest
438 1742 552 1772 lemma
580 1741 667 1779 quod
701 1740 808 1772 dicitur
842 1739 909 1770 eius
931 1739 1033 1775 vocis,
1067 1741 1156 1772 cuius
1190 1742 1292 1773 varlae
1321 1743 1475 1775 lectiones
1504 1748 1728 1775 enumerantur.

46 1780 177 1813 Servius
200 1783 281 1813 enim
304 1783 426 1818 nullam,
453 1783 540 1820 quod
564 1782 710 1820 equidem
737 1780 936 1815 meminerim,
969 1780 1211 1818 disputationem
1239 1783 1373 1819 instituit,
1404 1785 1585 1822 priusquam
1608 1786 1637 1815 in
1661 1785 1728 1815 eius

46 1822 129 1853 initio
159 1823 273 1854 lemma
306 1824 426 1861 posuit.
448 1841 478 1844 —
506 1823 554 1861 [A.
582 1823 658 1860 1,88]
693 1823 889 1861 interpolator
918 1821 1002 1856 (cod.
1032 1821 1126 1853 Cass.
1155 1837 1190 1846 =
1226 1822 1254 1854 C
1280 1823 1435 1862 Thilonis)
1470 1826 1635 1864 “eripiunt“
1674 1834 1729 1864 pro

49 1863 249 1895 “abstollunt“
275 1865 336 1896 dici
363 1870 483 1902 monet;
517 1865 654 1897 laudatur
680 1864 815 1896 “Accius
842 1864 870 1895 in
894 1861 1130 1900 Clytemestra“.
1175 1864 1286 1903 Neque
1313 1865 1363 1898 hic
1389 1867 1490 1903 locus,
1518 1872 1550 1899 ut
1576 1868 1605 1899 id
1631 1867 1730 1899 obiter

46 1904 157 1939 dicam,
181 1905 424 1943 interpolationis
448 1907 632 1944 suspicione
655 1911 755 1937 vacat.
781 1923 811 1926 —
836 1905 884 1942 [A.
900 1904 930 1939 11,
951 1903 997 1940 17]
1020 1905 1129 1942 legitur
1151 1906 1287 1938 “Accius
1310 1908 1340 1938 in
1356 1907 1525 1946 Deiphobo
1548 1910 1729 1947 inscriptum

46 1945 119 1977 dicit
155 1945 334 1982 „Minervae
371 1948 488 1980 donum
524 1948 747 1986 armipotentes
782 1946 877 1979 Danai
910 1945 1062 1977 abeuntes
1093 1946 1243 1978 dicant“.“
1289 1948 1380 1980 Accii
1413 1954 1516 1982 autem
1551 1950 1730 1989 exemplum

44 1987 84 2017 ad
114 1995 150 2018 ea
177 1996 259 2025 quae
286 1990 478 2026 praecedunt
508 1990 591 2020 nullo
624 1990 721 2020 modo
755 1989 855 2020 referri
885 1990 999 2024 potest.
1047 1987 1159 2025 Neque
1191 1989 1272 2020 enim
1305 1990 1335 2021 in
1367 1991 1405 2022 iis
1433 1992 1605 2030 quidquam
1638 1993 1729 2026 inest,

45 2027 132 2063 quod
164 2028 345 2066 inscriptum
379 2038 455 2061 esse
485 2030 546 2061 dici
576 2030 716 2067 potuerit.
768 2029 872 2067 Itaque
902 2036 964 2073 non
999 2032 1048 2074 est
1079 2028 1290 2065 dubitandum,
1325 2032 1399 2069 quin
1433 2041 1473 2063 ex
1505 2033 1729 2070 antiquioribus

48 2071 77 2098 et
118 2068 319 2106 amplioribus
363 2071 593 2102 commentariis
630 2070 773 2102 haustum
816 2070 864 2105 sit,
907 2077 936 2099 111
972 2069 1086 2106 quibus
1125 2078 1208 2107 equo
1250 2071 1289 2102 illi
1326 2071 1465 2105 Troiano
1502 2073 1645 2105 Graecos
1689 2073 1730 2104 ad

46 2108 256 2156 decipiendos
292 2110 450 2144 Troianos
493 2113 542 2144 illa
584 2113 682 2144 verba
724 2112 927 2150 inscripsisse
970 2114 1119 2142 narratum
1157 2116 1228 2143 erat.
1286 2112 1317 2144 ln
1355 2113 1469 2147 Servio
1512 2119 1615 2147 autem
1659 2114 1731 2146 nihil

45 2154 205 2187 invenitur,
238 2161 302 2189 quo
336 2162 374 2184 ea
407 2154 581 2185 referantur.
630 2153 826 2188 Ribbeckius
860 2154 946 2189 (trag.
970 2150 1060 2185 Rom.
1083 2151 1205 2190 fragm.2
1227 2163 1256 2191 p.
1284 2157 1353 2192 152)
1386 2165 1447 2188 nos
1481 2158 1623 2188 conferre
1646 2157 1731 2187 iubet

46 2190 157 2230 Hygini
182 2192 253 2225 fab.
295 2198 366 2226 108:
413 2195 460 2226 “in
498 2204 582 2233 equo
618 2195 825 2233 scripserunt:
873 2192 987 2225 “Danai
1013 2192 1185 2239 ‚Minervae
1221 2195 1307 2227 dono
1344 2197 1465 2229 dant'‘.“
1526 2197 1606 2230 Cum
1641 2198 1731 2229 inter*-

45 2233 166 2270 polator
198 2234 284 2272 plura
316 2244 410 2274 quam
444 2236 587 2275 Hyginus
620 2236 732 2268 habeat
764 2245 824 2269 nec
852 2240 955 2268 tamen
989 2234 1160 2272 dissimilia,
1193 2240 1356 2276 utrumque
1386 2247 1426 2271 ex
1458 2240 1616 2271 communi
1645 2240 1729 2270 fonte

44 2273 191 2306 hausisse
224 2277 409 2309 conicimus.
438 2295 468 2299 —
496 2278 545 2315 [A.
569 2278 606 2314 V,
629 2278 680 2315 40]
716 2278 892 2310 “Pacuvius
924 2277 954 2308 in
986 2274 1169 2308 Hermiona“
1201 2282 1231 2310 et
1256 2279 1393 2312 “Accius
1423 2281 1603 2320 Pelopidis“
1627 2284 1728 2312 testes

45 2314 229 2363 adferuntur,
252 2318 304 2355 qui
323 2319 467 2357 “gratari'‘
486 2328 505 2350 a
519 2319 679 2351 veteribus
703 2328 760 2357 pro
779 2318 953 2358 “gratulari¹‘
972 2322 1152 2363 usurpatum
1177 2328 1253 2351 esse
1277 2323 1495 2360 comprobent.
1534 2322 1664 2354 Servius
1687 2321 1728 2352 de

45 2362 82 2385 ea
104 2364 136 2387 re
162 2357 234 2389 nihil
261 2360 385 2397 profert.
413 2377 444 2381 —
471 2360 521 2397 [A.
542 2360 593 2391 IX.
615 2361 686 2398 619]
710 2361 751 2392 de
774 2370 873 2393 nervo
908 2367 1023 2398 equino
1046 2359 1208 2392 disseritur
1233 2362 1358 2395 laudato
1385 2364 1505 2396 “Accio
1528 2362 1728 2395 Philocteta“.

43 2394 145 2429 Totus
167 2398 258 2431 locus
280 2400 483 2439 interpolatus
507 2405 566 2433 est.
609 2401 695 2434 idem
719 2403 897 2441 exemplum
918 2403 1000 2433 teste
1023 2399 1202 2435 Ribbeckio
1225 2403 1312 2443 (trag.
1336 2403 1442 2437 Rom.²
1463 2414 1493 2444 p.
1517 2409 1576 2437 206
1598 2405 1652 2442 frg.
1675 2402 1727 2438 IX)

44 2438 128 2473 apud
150 2438 323 2485 Varronem
350 2443 391 2474 de
412 2443 430 2474 l.
452 2443 471 2474 l.
495 2442 556 2478 VII,
579 2447 619 2475 80
640 2443 676 2475 M
699 2447 810 2480 exstat,
844 2453 884 2476 eo
910 2446 1025 2475 tantum
1053 2442 1094 2473 ab
1123 2443 1350 2481 interpolatoris
1379 2447 1525 2484 exemplo
1558 2446 1726 2480 diversum,

42 2478 129 2514 quod
161 2478 211 2511 hic
247 2481 457 2520 “Reciproca“
489 2492 606 2515 vocem
643 2484 756 2516 omisit.
801 2494 879 2518 ecce
912 2482 1005 2518 nobis
1037 2482 1108 2514 fons
1141 2491 1279 2524 apparet,
1315 2496 1355 2519 ex
1383 2496 1447 2526 quo
1474 2488 1523 2519 ille
1555 2487 1664 2518 hausit.
1693 2503 1723 2507 —
