1875 2656
905 166 939 191 17

92 259 216 295 iudicio,
240 257 389 290 Terentio
411 256 493 288 haud
515 255 664 288 immerito
686 257 829 296 impertiri
854 266 1036 291 consensus
1063 257 1200 289 omnium
1222 265 1352 294 quorum
1381 265 1503 288 summa
1524 256 1691 288 auctoritas
1716 259 1765 287 est

88 301 275 340 scriptorum
302 317 333 320 —
358 297 527 333 Afranium,
550 297 742 336 Varrronem,
765 298 946 336 Caesarem,
970 298 1190 338 Quintilianum
1217 298 1288 329 dico
1315 315 1345 318 —
1372 298 1475 329 docet.
1519 298 1632 336 Neque
1660 302 1765 329 tamen

87 342 218 375 Servius
242 341 332 373 etiarn
355 340 385 371 in
406 338 660 370 Terentianarum
682 340 847 372 fabularum
869 341 961 372 titulis
985 340 1118 372 citandis
1140 339 1254 370 multus
1277 339 1337 374 fuit,
1366 348 1437 370 cum
1463 340 1494 370 in
1516 343 1600 370 tanto
1622 340 1764 370 Iocorum

88 392 217 416 numero
244 382 298 414 vix
330 384 455 419 septem
488 379 686 415 inveniantur,
720 381 832 418 quibus
859 382 1028 413 fabularum
1053 381 1126 412 tituli
1153 380 1289 417 adpositi
1315 384 1395 411 sunt.
1438 380 1573 411 Andriae
1600 384 1703 411 autem
1733 383 1764 411 et

87 425 256 463 Adelphon
282 422 355 454 tituli
382 429 550 458 numquam
577 423 808 453 commemorati
834 427 913 454 sunt.
956 423 1062 460 Atque
1092 421 1221 460 plurima
1248 421 1375 458 quidem
1402 422 1546 459 exempla
1575 430 1615 452 ex
1635 421 1761 456 Andria,

88 465 249 500 Eunucho,
270 462 436 501 Adelphis,
465 470 565 499 pauca
593 469 632 492 ex
654 461 774 500 Hecyra
800 464 887 495 allata
912 468 993 495 sunt.
1021 481 1052 485 —
1078 462 1330 500 interpolatorem
1365 471 1491 499 prorsus
1523 463 1581 493 alia
1612 467 1706 500 atque
1732 462 1763 493 in

87 505 300 545 scriptoribus,
337 511 419 541 quos
448 511 545 541 supra
570 503 777 539 tractavimus,
804 505 965 536 laudandis
995 505 1112 536 ratione
1141 503 1170 534 in
1193 502 1341 533 Terentio
1373 503 1528 534 laudando
1561 511 1652 534 usum
1686 511 1762 534 esse

87 546 327 586 cognoscimus.
371 544 449 575 Nam
479 552 550 575 cum
581 544 827 581 interpolatorem
858 546 888 576 in
919 546 999 577 locis
1035 549 1064 576 et
1091 553 1131 575 ex
1149 543 1262 575 'Plauto
1296 547 1325 574 et
1349 552 1388 574 ex
1410 543 1546 574 Varrone
1573 544 1762 582 reliquisque

87 587 268 627 antiquioris
290 586 399 618 aetatis
420 585 625 624 scriptoribus
649 585 745 617 allatis
765 586 936 619 uberiorem
956 595 1049 626 quarn
1065 585 1211 619 Servium
1235 593 1311 617 esse
1330 593 1425 623 supra
1445 585 1761 621 animadverterimus,

88 639 169 662 nunc
191 629 370 660 TerentIum
398 628 528 665 saepius
550 636 569 658 a
591 626 704 658 Servio
726 636 817 664 quam
849 629 888 659 ab
917 629 1135 667 interpolatore
1163 631 1278 658 testem
1308 635 1384 658 esse
1412 626 1579 657 adhibitum
1606 628 1761 658 videmus.

87 672 250 708 AttamU
272 670 343 701 tiam
367 669 395 699 in
412 667 548 699 Terentii
564 668 731 698 fabularum
747 668 836 699 titulis
851 670 1049 707 adponendis
1065 669 1316 707 interpolatorem
1339 668 1416 698 satis
1438 668 1563 698 multum
1582 668 1679 699 tuisse
1702 677 1761 699 nos

87 721 150 744 non
173 712 235 750 iugi
250 736 257 743 .
291 710 408 744 Restat,
432 713 463 740 ut
486 709 588 740 dicam
610 709 857 747 interpolatorem
879 719 979 749 aeque
1001 714 1095 749 atque
1111 709 1256 742 Servium
1279 709 1407 747 plurima
1430 709 1573 747 exempla
1594 717 1633 740 ex
1648 709 1763 740 Andria

88 753 239 785 Eunucho
261 750 416 789 Adelphis
443 751 628 789 deprompta
655 751 784 782 adierre.
826 751 928 790 Itaque
954 752 1099 784 Servium
1133 755 1163 783 et
1196 751 1447 789 interpolatorem
1480 755 1531 782 aut
1560 759 1598 782 ex
1626 751 1761 782 diversis

91 795 226 826 tontibus
239 792 386 824 hausisse
402 796 453 823 aut
465 792 591 823 diversa
607 792 723 823 ratione
738 792 767 822 in
784 793 982 830 scriptoribus
998 794 1110 825 iisdem
1128 793 1337 830 excerpendis
1350 800 1430 823 usos
1447 800 1523 823 esse
1537 792 1759 829 putabImus.—

89 835 233 871 Denique
267 841 349 871 quae
383 833 457 864 ratio
490 833 567 864 inter
597 837 759 870 utrumque
792 833 820 864 in
848 833 1000 865 Cicerone
1034 834 1190 865 laudando
1223 833 1394 864 intercedat
1422 841 1618 870 quaeramus.
1666 833 1763 864 EtIam

88 875 252 907 Ciceronis
277 874 421 912 exempla
443 874 472 905 in
495 875 616 912 singula
639 882 734 912 opera
757 874 972 906 distribuimus.

233 929 261 954 4.
284 924 438 954 Marcus
466 923 618 954 Tullius
646 923 793 954 Cicero.

232 965 253 996 I.
270 964 494 996 Orationes.
530 970 554 995 1.
575 964 645 995 Pro
667 964 863 1002 Quinctio:
885 982 914 985 —
934 965 981 1001 [A.
998 965 1035 1000 X,
1052 969 1091 996 48
1108 964 1144 996 C.
1162 973 1217 1002 pro
1235 964 1393 1002 Quinctio.
1415 982 1444 984 —
1466 969 1493 995 2.
1511 964 1582 995 Pro
1607 964 1760 996 Roscio:

89 1007 126 1039 G.
145 1007 163 1042 I,
181 1011 240 1037 265
255 1006 435 1037 Amerinum
458 1006 609 1043 oppidum
625 1005 735 1041 Italiae,
758 1006 845 1037 cuius
862 1007 998 1037 crebram
1019 1006 1047 1037 in
1065 1005 1222 1037 Rosciana
1242 1006 1314 1036 facit
1329 1004 1366 1036 C.
1382 1006 1582 1037 mentionem.
1606 1023 1633 1026 —
1654 1005 1702 1042 [A.
1718 1005 1760 1040 ΙΙΙ,

87 1053 140 1080 331
168 1047 205 1079 C.
228 1047 257 1078 in
281 1046 458 1084 Rosciana-J
487 1064 517 1067 —
538 1051 565 1078 3.
589 1046 657 1078 Pro
681 1046 892 1079 Fundanio:
913 1048 951 1078 A.
972 1047 1022 1083 IX,
1045 1051 1106 1079 672
1128 1047 1210 1078 sicut
1232 1046 1269 1078 C.
1293 1047 1321 1077 in
1346 1046 1554 1078 FundanIana.
1588 1047 1626 1079 G.
1649 1047 1679 1082 II,
1703 1051 1762 1078 342

86 1090 171 1127 quod
202 1093 231 1120 et
254 1088 290 1120 C.
314 1089 343 1119 in
367 1088 565 1119 Fundaniana
589 1088 841 1125 commemorat}
867 1106 895 1109 —
927 1095 954 1119 4.
977 1089 1014 1119 In
1037 1088 1207 1120 Verrem:
1235 1089 1274 1119 A.
1298 1088 1317 1123 1,
1341 1093 1389 1119 24.
1416 1093 1471 1120 176
1494 1089 1578 1125 (bis).
1605 1094 1669 1119 178.
1693 1093 1761 1120 215.

86 1135 154 1162 655.
177 1134 246 1161 698.
279 1130 319 1160 A.
342 1130 361 1163 I,
389 1135 398 1160 1
425 1130 473 1160 sic
506 1128 542 1160 C.
566 1130 595 1160 in
618 1129 764 1160 Verrinis.
799 1130 834 1160 A.
858 1129 875 1164 1,
904 1134 921 1160 2
943 1129 1061 1161 Tullius
1089 1130 1118 1160 in
1142 1129 1290 1160 Verrinis.
1325 1130 1364 1160 A.
1388 1129 1419 1165 II,
1447 1135 1491 1165 16,
1515 1134 1563 1161 21.
1587 1135 1644 1161 707
1674 1135 1704 1161 ut
1732 1130 1761 1160 in

88 1171 234 1202 Verrinis.
256 1170 300 1206 ΙΙΙ,
324 1175 378 1202 501
406 1169 442 1201 C.
465 1170 494 1201 in
519 1170 665 1202 Verrinis.
688 1170 737 1206 IV,
761 1175 818 1202 685
842 1170 877 1202 C.
899 1171 928 1201 in
951 1170 1098 1202 Verrinis.
1121 1170 1159 1206 V,
1181 1175 1221 1202 49
1244 1170 1273 1201 in
1296 1170 1443 1202 Verrinis.
1467 1170 1504 1206 V,
1528 1175 1597 1203 203.
1620 1175 1687 1202 287.
1711 1170 1759 1206 VI,

83 1217 142 1244 273
176 1217 207 1243 ut
239 1212 268 1243 in
291 1211 428 1243 Verrinis
461 1211 498 1242 C.
522 1211 571 1247 VI,
595 1216 664 1242 275.
687 1216 756 1243 631.
779 1216 847 1244 649.
870 1212 941 1247 VIII,
968 1216 1007 1243 78
1040 1211 1077 1243 C.
1104 1212 1133 1242 in
1157 1211 1305 1243 Verrinis.
1329 1212 1401 1247 VIII,
1429 1217 1497 1243 614.
1521 1212 1557 1248 X,
1585 1217 1639 1243 481
1667 1211 1704 1243 C.
1731 1212 1761 1243 in

85 1253 286 1284 frumentaria.
310 1252 359 1287 XI,
383 1257 452 1284 704.
476 1252 537 1287 XII,
561 1257 629 1284 352.
653 1257 722 1284 395.
746 1258 813 1283 717.
838 1252 912 1284 Buc.
932 1253 969 1287 V,
993 1257 1031 1284 36
1055 1252 1220 1283 Ciceronis
1245 1254 1401 1291 exemplo,
1424 1253 1475 1290 qui
1498 1254 1537 1284 ait
1559 1254 1589 1284 in
1612 1258 1760 1291 praetura.

84 1293 123 1325 G.
145 1293 176 1329 ΙΙ,
199 1298 247 1325 76.
271 1292 314 1329 III,
342 1298 351 1324 1
379 1292 415 1325 C.
439 1294 468 1324 in
491 1293 638 1328 Verrinis,
672 1294 724 1332 qui
753 1294 782 1325 in
811 1294 999 1325 frumentaria
1022 1318 1029 1324 .
1053 1318 1060 1324 .
1084 1315 1090 1322 .
1123 1293 1161 1325 G.
1185 1293 1227 1330 ΙΙΙ,
1251 1298 1311 1325 306
1334 1293 1371 1325 C.
1394 1294 1423 1325 in
1446 1294 1583 1325 Verrem.
1612 1312 1641 1315 —
1669 1294 1717 1331 [A.
1740 1294 1760 1330 1,

89 1340 139 1366 191
167 1334 203 1366 C.
226 1336 255 1366 in
278 1335 425 1366 Verrinis.
460 1335 490 1371 II,
514 1339 583 1367 203.
616 1335 659 1371 111,
682 1340 721 1367 84
754 1335 790 1367 C.
819 1336 847 1366 in
880 1339 1017 1373 praetura
1039 1335 1245 1366 Verrinarum.
1272 1335 1321 1371 XI,
1344 1340 1413 1367 496.
1438 1335 1514 1367 Buc.
1537 1336 1586 1371 VI,
1610 1341 1648 1368 76
1670 1335 1707 1367 C.
1730 1336 1760 1367 in

85 1376 218 1407 Verrinis
248 1376 345 1412 (bis)].
378 1393 408 1397 —
445 1381 473 1407 5.
496 1375 547 1407 De
581 1377 743 1414 imperio
774 1376 835 1407 Cn.
862 1376 1052 1413 Pompeii:
1086 1375 1204 1414 Georg,
1238 1377 1280 1411 III,
1304 1382 1343 1408 64
1370 1376 1406 1408 C.
1434 1378 1463 1408 in
1497 1377 1697 1415 Pompeiana.
1726 1394 1756 1397 —

83 1421 111 1447 6.
139 1416 209 1448 Pro
240 1416 407 1448 Rabirio:
436 1434 467 1437 —-
494 1417 543 1454 [A.
566 1417 585 1453 I,
613 1421 647 1448 13
675 1416 712 1449 C.
735 1426 791 1455 pro
815 1416 956 1453 Rabiriol.
983 1434 1014 1437 —
1041 1422 1069 1448 7.
1092 1417 1129 1448 In
1158 1416 1377 1449 Catilinam:
1405 1435 1435 1438 —
1460 1418 1499 1449 A.
1522 1418 1541 1453 1,
1565 1422 1613 1449 24.
1636 1422 1705 1449 258.
1728 1418 1758 1453 11,

82 1463 130 1490 98.
153 1458 195 1494 ΙΙΙ,
219 1463 274 1491 341
300 1462 332 1491 ut
353 1458 483 1491 Tullius.
504 1464 564 1491 477
587 1463 619 1491 ut
641 1459 670 1491 in
690 1458 800 1491 Tullio.
824 1463 891 1491 515.
915 1463 982 1491 576.
1006 1458 1043 1495 V,
1068 1463 1137 1490 317.
1161 1463 1231 1491 391.
1254 1459 1315 1496 VII,
1332 1464 1401 1491 333.
1418 1464 1486 1492 753.
1509 1459 1581 1494 VIII.
1604 1464 1673 1492 483.
1689 1464 1759 1492 653.

82 1505 150 1531 668.
174 1500 222 1536 IX,
246 1505 315 1532 437.
344 1500 405 1535 XII.
428 1505 477 1532 95.
500 1506 570 1532 437.
603 1500 680 1532 Buc.
703 1501 722 1537 I,
749 1506 793 1532 17.
827 1500 943 1538 Georg.
965 1500 1008 1536 III,
1037 1505 1097 1531 228
1129 1500 1166 1532 C.
1194 1502 1234 1532 de
1267 1500 1405 1532 Catilina.
1433 1519 1463 1522 —
1490 1502 1539 1538 [A.
1562 1502 1593 1537 II,
1616 1501 1696 1538 649.]
1726 1519 1756 1522 —

82 1545 110 1571 8.
133 1540 199 1572 Pro
221 1541 391 1572 Murena:
414 1542 453 1572 A.
476 1541 507 1572 11.
535 1546 600 1573 131.
623 1542 665 1577 ΙΙΙ,
690 1546 748 1573 339
771 1541 807 1572 C.
830 1542 858 1572 in
881 1541 1071 1572 Mureniana.
1095 1541 1133 1576 V,
1157 1546 1226 1573 862.
1250 1542 1299 1576 VI,
1324 1547 1392 1573 514.
1417 1542 1533 1580 Georg.
1556 1543 1605 1577 IV,
1629 1547 1697 1573 294.
1726 1560 1756 1563 —

84 1581 132 1618 [A.
154 1581 196 1614 ΙΙΙ.
220 1587 259 1615 63
282 1582 319 1614 C.
343 1591 398 1621 pro
421 1582 573 1620 Murena]
602 1600 632 1604 ——
658 1587 686 1615 9.
710 1582 779 1614 Pro
802 1582 960 1614 Archia:
988 1600 1019 1603 —
1046 1582 1096 1620 [A.
1119 1582 1169 1618 IV,
1193 1587 1252 1614 244
1275 1582 1312 1615 C.
1336 1592 1391 1622 pro
1414 1583 1548 1621 Archia]
1582 1602 1607 1604 —
1638 1589 1682 1616 10.
1706 1583 1759 1615 De

81 1623 188 1655 domo
210 1633 294 1655 sua:
322 1642 352 1645 —
380 1624 429 1661 [A.
452 1624 525 1660 VIII,
548 1629 608 1656 270
630 1624 667 1656 C.
690 1625 718 1655 in
742 1625 781 1656 de
805 1625 900 1655 domo
922 1623 1001 1660 sua.]
1030 1642 1060 1645 —
1092 1630 1137 1655 11.
1161 1624 1231 1656 Pro
1255 1624 1408 1657 Sestio:
1431 1626 1469 1656 A.
1493 1625 1565 1661 VIII,
1588 1630 1647 1657 634
1671 1625 1707 1657 C.
1731 1626 1760 1656 in

84 1662 237 1695 Sestiana.
253 1665 314 1700 XII,
334 1669 399 1696 100.
416 1664 534 1703 Georg.
551 1665 569 1700 l,
591 1671 645 1696 165
661 1665 835 1696 secundum
850 1664 993 1695 Tullium.
1009 1664 1029 1699 I,
1050 1669 1101 1695 181
1124 1665 1161 1696 C.
1178 1666 1207 1695 in
1223 1665 1378 1696 Sestiana.
1400 1683 1430 1686 —
1454 1671 1498 1696 12.
1515 1666 1585 1697 Pro
1609 1666 1758 1697 Caelio:

81 1703 157 1736 Buc.
179 1705 210 1742 11,
234 1710 272 1738 25
296 1705 333 1738 C.
356 1706 385 1737 in
412 1705 569 1738 Caeliana.
597 1724 627 1727 —
658 1711 701 1738 13.
725 1706 759 1737 In
786 1705 983 1737 Pisonem:
1015 1705 1055 1736 A.
1079 1705 1128 1742 VI,
1152 1711 1211 1738 595
1234 1706 1307 1743 VIII,
1334 1711 1390 1739 139
1417 1711 1448 1738 ut
1481 1707 1509 1738 in
1537 1707 1696 1739 Pisonem.
1726 1725 1755 1727 —

82 1745 170 1782 [Buc.
186 1747 247 1784 VII,
271 1752 289 1779 2
310 1747 347 1779 C.
370 1748 399 1779 in
422 1748 592 1785 Pisonem]
621 1766 650 1769 —
681 1754 724 1779 14.
748 1747 814 1779 Pro
837 1747 995 1778 Milone:
1018 1748 1058 1778 A.
1080 1748 1099 1784 Ι,
1127 1753 1184 1779 148
1199 1748 1318 1780 Tullius
1342 1758 1398 1787 pro
1413 1748 1540 1780 Milone.
1562 1749 1601 1780 A.
1623 1749 1665 1785 III,
1689 1754 1758 1780 416.

82 1787 131 1823 IV,
148 1793 217 1821 490.
234 1789 272 1825 V,
289 1794 357 1820 278.
374 1789 435 1825 VII,
452 1794 521 1821 586.
537 1789 605 1825 VIII,
622 1795 690 1821 275.
707 1789 766 1825 XII,
783 1794 842 1820 714
864 1788 901 1820 C.
921 1789 950 1819 in
965 1788 1144 1821 Miloniana.
1168 1789 1286 1828 Georg.
1302 1790 1333 1826 II,
1350 1795 1409 1822 384
1425 1789 1462 1822 C.
1482 1791 1511 1822 in
1526 1790 1703 1822 Miloniana.
1728 1808 1755 1811 —

83 1833 126 1859 15.
154 1829 221 1861 Pro
254 1830 454 1861 Marcello:
485 1831 525 1861 A.
547 1831 584 1866 X,
607 1836 675 1862 467.
715 1847 744 1850 —
782 1830 830 1866 [A.
857 1830 876 1864 1,
911 1834 970 1860 548
1005 1829 1042 1861 C.
1076 1831 1117 1861 de
1144 1830 1315 1868 Marcello]
1349 1848 1379 1851 —
1421 1836 1465 1862 16.
1489 1831 1758 1863 Caesarianae:

79 1869 118 1900 A.
141 1870 178 1907 V,
206 1875 261 1902 187
284 1870 320 1911 C.
343 1872 372 1902 in
405 1870 613 1903 Caesarianis.
646 1871 694 1906 XI,
717 1875 777 1902 438
810 1870 846 1902 C.
874 1871 903 1901 in
931 1869 1142 1903 Caesarianis.
1165 1871 1204 1903 G.
1227 1872 1258 1908 II,
1285 1877 1335 1904 131
1363 1871 1399 1904 C.
1427 1873 1457 1903 in
1487 1871 1695 1904 Caesarianis.
1725 1890 1755 1893 —

82 1916 125 1942 17.
149 1911 219 1943 Pro
242 1921 333 1950 rege
357 1912 551 1944 Detotaro:
573 1913 611 1944 A.
633 1912 682 1947 IX,
706 1917 764 1943 544
787 1911 824 1943 C.
847 1912 876 1943 in
899 1911 1105 1944 Deiotariana.
1134 1931 1163 1933 —
1194 1918 1238 1945 18.
1262 1913 1510 1951 Philippicae:
1532 1914 1572 1945 A.
1595 1913 1614 1949 Ι,
1638 1918 1698 1946 290
1720 1913 1758 1946 C.

76 1951 105 1982 in
121 1951 311 1991 Philippicis.
333 1953 372 1984 A.
388 1953 407 1988 Ι,
430 1957 499 1985 306.
522 1953 563 1988 111,
580 1958 639 1984 420
660 1952 696 1984 C.
712 1953 742 1983 in
758 1952 948 1990 Philippicis.
971 1952 1022 1988 IV,
1045 1958 1105 1985 635
1122 1953 1159 1984 C.
1175 1955 1204 1984 in
1220 1954 1410 1992 Philippicis.
1426 1954 1476 1989 VI,
1499 1959 1559 1985 622
1582 1956 1758 1986 secundum

77 1991 264 2026 Ciceronem
290 1994 319 2025 in
346 1994 535 2033 Philippicis.
558 1994 606 2030 IX,
630 1998 699 2026 254.
723 1993 760 2030 X,
787 1998 842 2026 105
876 1994 957 2026 sicut
987 1998 1017 2026 et
1049 1995 1079 2026 in
1107 1994 1254 2027 Sallustio
1284 2000 1313 2027 et
1344 1996 1374 2027 in
1403 1995 1582 2034 Philippicis
1613 1996 1757 2034 legimus.

77 2032 144 2065 Buc
166 2035 197 2071 11,
220 2041 259 2068 45
282 2035 319 2068 C.
343 2037 372 2067 in
395 2036 583 2075 Philippicis.
607 2035 656 2072 VI,
680 2041 718 2068 55
741 2035 778 2067 C.
798 2036 829 2067 in
844 2035 1035 2074 Philippicis.
1058 2036 1107 2072 IX,
1132 2041 1170 2069 36
1194 2036 1231 2069 C.
1251 2037 1280 2068 in
1296 2036 1486 2075 Philippicis.
1514 2055 1545 2058 —
1571 2037 1620 2075 [A.
1642 2037 1674 2074 11,
1697 2042 1757 2070 407

77 2073 113 2105 C.
130 2075 366 2116 Philippicarum
382 2077 431 2108 XI.
451 2078 490 2108 A.
505 2077 548 2112 III,
565 2081 625 2109 632
641 2077 678 2109 C.
694 2078 722 2108 in
739 2077 929 2115 Philippicis.
944 2076 988 2113 III,
1004 2082 1075 2109 647.
1090 2078 1140 2113 IV.
1157 2083 1217 2110 348
1232 2078 1269 2110 C.
1285 2079 1314 2109 in
1331 2079 1427 2117 prima
1443 2078 1701 2117 PhilippIearum.]
1724 2097 1754 2100 -

81 2120 126 2147 19.
148 2116 185 2149 In
208 2118 424 2151 Gabinium:
452 2136 496 2149 —.
520 2116 573 2157 [G.
595 2118 615 2154 Ι,
643 2123 698 2151 120
720 2117 757 2150 C.
779 2119 809 2149 in
831 2117 1022 2157 Gabinium]
1050 2137 1080 2140 —
1107 2123 1155 2151 20.
1179 2119 1249 2151 Pro
1276 2119 1440 2152 Scauro:
1474 2119 1513 2152 G.
1536 2120 1556 2156 I,
1579 2124 1618 2152 58
1640 2119 1677 2152 C.
1701 2129 1757 2159 pro

74 2155 204 2191 Scauro.
227 2160 266 2192 G.
281 2161 301 2196 Ι,
322 2165 378 2191 174
394 2159 430 2191 C.
446 2160 476 2191 in
491 2159 680 2197 Scauriana]
709 2178 740 2181 —
763 2164 812 2191 21.
828 2159 882 2192 Co
890 2160 1093 2192 rnelianae.
1121 2179 1151 2181 —
1174 2160 1226 2200 [A.
1243 2161 1292 2197 XI,
1310 2166 1369 2193 708
1384 2160 1421 2192 C.
1437 2162 1467 2192 in
1483 2160 1702 2200 Comelianis]
1724 2179 1754 2183 -

72 2197 104 2229 11.
128 2198 340 2233 Ciceronis
363 2209 493 2239 opera,
516 2210 614 2239 quae
635 2202 680 2232 ad
703 2201 928 2233 rhetoricam
951 2202 1151 2239 pertinent.
1199 2208 1224 2233 1.
1247 2202 1465 2236 Rhetorica:
1488 2203 1562 2239 VIII,
1586 2207 1641 2234 321
1668 2202 1705 2234 C.
1728 2204 1757 2234 in

74 2240 172 2276 primo
194 2242 424 2274 rhetoricorum.
446 2241 496 2278 IX,
512 2247 572 2274 479
588 2242 625 2274 C.
640 2243 670 2273 in
693 2242 864 2274 rhetoricis.
886 2242 936 2277 IX,
959 2247 1015 2274 611
1042 2242 1080 2274 C.
1103 2243 1132 2274 in
1154 2243 1324 2275 rhetoricis.
1352 2261 1383 2264 -
1410 2248 1438 2275 2.
1461 2243 1517 2275 De
1540 2248 1701 2275 oratore.
1722 2261 1753 2264 —

73 2278 125 2317 [A.
151 2281 170 2318 1,
197 2288 253 2315 176
276 2282 313 2315 C.
336 2283 377 2315 de
407 2281 552 2322 oratore]
584 2301 615 2304 —
647 2288 675 2315 3.
704 2282 858 2320 Brutus,
892 2284 939 2315 de
972 2284 1094 2316 claris
1128 2285 1362 2316 oratoribus.
1390 2302 1421 2305 —
1448 2283 1501 2324 [A.
1523 2285 1543 2321 Ι,
1577 2290 1636 2317 505
1667 2284 1704 2317 C.
1727 2285 1757 2315 in

74 2318 192 2361 Bruto]
220 2342 252 2345 —
277 2330 306 2356 4.
329 2324 479 2361 Orator,
502 2326 547 2356 ad
571 2324 731 2356 Brutum.
758 2342 790 2346 —
810 2323 869 2364 {A.
890 2325 940 2361 IV,
961 2329 1023 2356 482
1046 2325 1083 2357 C.
1100 2326 1129 2356 in
1152 2325 1294 2357 Oratore.
1331 2326 1405 2362 VIII,
1429 2331 1488 2359 395
1504 2326 1541 2358 C.
1557 2327 1656 2365 primo
1679 2326 1756 2357 libro

72 2361 270 2407 acissrutum.
303 2383 334 2386 —
367 2364 420 2403 [A.
442 2365 516 2401 VIII,
539 2370 600 2398 408
622 2365 660 2396 C.
682 2366 712 2396 in
735 2364 892 2404 Oratore]
930 2383 960 2386 —
997 2366 1040 2397 III.
1063 2366 1284 2404 Epistulae:
1306 2367 1346 2398 A.
1369 2367 1443 2402 VIII,
1470 2372 1527 2399 168
1548 2376 1619 2398 nam
1641 2366 1678 2398 C.
1701 2374 1757 2404 per

75 2404 239 2438 epistolam
255 2407 359 2445 culpat
373 2406 476 2438 tilium.
498 2423 530 2427 —
548 2406 599 2438 IV.
623 2405 834 2438 Ciceronis
857 2414 986 2445 opera,
1009 2415 1104 2445 quae
1126 2407 1172 2438 ad
1195 2407 1475 2446 philosophiam
1498 2408 1699 2446 pertinent.
1720 2423 1752 2427 -

75 2445 100 2473 1.
122 2441 176 2475 De
198 2448 409 2486 republica:
432 2447 471 2480 G.
491 2447 522 2484 II,
543 2453 599 2480 157
615 2447 653 2480 C.
675 2448 705 2480 in
725 2448 810 2480 libris
833 2448 874 2481 de
897 2448 1065 2487 republica.
1092 2466 1123 2469 —
1150 2448 1199 2486 [A.
1219 2453 1282 2481 149·
1298 2448 1335 2481 C.
1358 2449 1388 2481 in
1410 2449 1451 2481 de
1474 2449 1640 2488 republica.
1661 2448 1701 2480 A.
1716 2447 1755 2484 Χ,

70 2487 136 2531 325,
152 2484 189 2517 C.
211 2487 241 2519 in
262 2488 347 2520 libris
370 2490 411 2521 de
432 2490 602 2527 republica.
623 2489 663 2521 A.
686 2489 748 2526 XII,
772 2494 831 2521 335
854 2489 892 2521 C.
915 2490 956 2521 de
978 2490 1158 2528 republica]
1187 2508 1218 2511 —
1244 2495 1272 2522 2.
1296 2490 1350 2522 De
1371 2491 1539 2529 legibus:
1560 2491 1600 2522 A.
1622 2490 1672 2526 VI,
1694 2495 1751 2522 611

56 2523 106 2556 ⁴C.
129 2534 158 2557 in
188 2527 272 2561 libris
299 2530 413 2568 legum.
449 2547 480 2551 —
518 2530 578 2568 ΠΧ,
602 2535 662 2562 274
684 2529 722 2562 C.
745 2531 786 2562 de
807 2530 954 2570 legibus]
993 2548 1024 2552 —-
1061 2536 1090 2563 3.
1113 2531 1363 2563 Hortensius:
1394 2531 1434 2563 A.
1456 2531 1476 2568 Ι,
1499 2535 1558 2563 269
1579 2530 1699 2563 Tullius
1725 2531 1756 2562 in
